=LDR  01244nam a2200277 a 4500
=001  9308
=005  20250121142124.0
=008  941108s1994\\\\ne\a\\\\\b\\\\001\0\dut\\
=020  \\$a9065501282
=040  \\$aOI
=041  1\$adut
=100  \\$aMalherbe, Jean$d1741-1800$4aut$1http://www.wikidata.org/entity/Q54944451$912553
=245  10$aHet is of ik met mijn lieve sprak:$bde briefwisseling tussen Jean Malherbe en Christina van Steensel, 1782-1800
=260  \\$aHilversum$bVerloren$c1994
=300  \\$a231 p. :$bill. ;$c22 cm.
=490  \\$aEgodocumenten$v9
=504  \\$aIncludes bibliographical references (p. 229-231) and indexes.
=648  \0$a18th Century (1701-1800)$1http://www.wikidata.org/entity/Q7015$920899
=651  \0$aNetherlands$1http://www.wikidata.org/entity/Q55$9173
=700  \\$aSteensel, Christina van$d1758-1801$912556
=700  \\$aDik, Anje$4trl$4edt$eTranslator$eEditor$912557
=700  \\$aHelmers, Dini$4trl$4edt$eTranslator$eEditor$912558
=942  \\$cBOO
=952  \\$00$10$2ddc$40$6BIO_MALH_A$70$8BIO$99298$aORPH$bORPH$cKTS1_P$d2020-07-08$eKoopman$i41A17$l0$oBIO MALH a$p20120198$r2021-01-12 00:00:00$w2021-01-12$yBOO
=999  \\$c9308$d9308
=650  \0$aCorrespondence$1http://www.wikidata.org/entity/Q1784733$921392

