=LDR  01057cam a2200253 a 4500
=001  9309
=005  20250121142124.0
=008  831214s1983\\\\fr\ag\\\\bdi\\000\0\fre\\
=020  \\$a2700703146 :$c60.00F
=040  \\$aOI
=041  \\$afre
=100  \\$aMalignon, Jean$4aut$924986
=245  10$aPetit dictionnaire Rameau
=260  \\$aParis$bAubier$c1983
=300  \\$a278 pages$billustrations, music$c17 cm
=504  \\$aIncludes bibliographical references.
=600  \0$aRameau, Jean-Philippe$d1683-1764$xDictionaries$vIndexes.$1http://www.wikidata.org/entity/Q1145$94787
=648  \0$a18th Century (1701-1800)$1http://www.wikidata.org/entity/Q7015$920899
=650  \0$aComposer$1http://www.wikidata.org/entity/Q36834$93625
=650  \0$aEncyclopedia$1http://www.wikidata.org/entity/Q5292$92184
=651  \0$aFrance$1http://www.wikidata.org/entity/Q142$9131
=942  \\$cBOO
=952  \\$00$10$2ddc$40$6BIO_RAME_C$70$8BIO$99299$aORPH$bORPH$cKTS1_P$d2020-07-08$eKoopman$i22F08$l0$oBIO RAME c$p20128853$r2021-01-12 00:00:00$w2021-01-12$yBOO$OKoopman
=999  \\$d9309

