=LDR  00916cam a2200241 a 4500
=001  9310
=005  20250812100524.0
=008  851211s1981\\\\pl\afgh\\b\\\\001\0\pol\\
=020  \\$a8322401485
=040  \\$aOI
=041  0\$apol$beng
=100  \\$aMalinowski, Władysław$912560
=245  10$aPolifonia Mikołaja Zieleńskiego /$cWładysław Malinowski.
=250  \\$aWyd. 1.
=260  \\$aKraków :$bPolskie Wydawn. Muzyczne,$c1981.
=300  \\$a241 p., [12] p. of plates :$bill., facsims., music ;$c23 cm.
=504  \\$aBibliography: p. 201-[207]
=600  \0$aZieleński, Mikołaj$d1550-1615$912561
=740  0\$aPolyphony of Mikołaj Zieleński.
=942  \\$cBOO
=952  \\$00$10$2ddc$40$6BIO_ZIEL_D$70$8BIO$99300$aORPH$bORPH$cKTS1_P$d2020-07-08$eKoopman$i23B25$l0$oBIO ZIEL d$p20128534$r2021-01-12 00:00:00$w2021-01-12$yBOO$OKoopman
=999  \\$c9310$d9310
=490  \\$aMuzyka polska w dokumentacjach i interpretacjach

