=LDR  01239nam a2200289 a 4500
=001  9311
=003  OI
=005  20251001162234.0
=008  930216s1993\\\\ne\\\\\|r\\\\|000\||dut|d
=020  \\$a9074310028
=040  \\$aOI
=041  \\$adut
=100  \\$aMan, Jacqueline de$4aut$923589
=245  10$aKunst op schrift:$been inventarisatie van Nederlandstalige publikaties op het gebied van kunsttheorie en esthetica 1670-1820
=260  \\$aLeiden$bPrimavera$c1993
=300  \\$a263 pages
=648  \0$a17th Century (1601-1700)$1http://www.wikidata.org/entity/Q7016$920923
=648  \0$a18th Century (1701-1800)$1http://www.wikidata.org/entity/Q7015$920899
=648  \0$a19th Century (1801-1900)$1http://www.wikidata.org/entity/Q6955$920935
=650  \0$aAesthetics$1http://www.wikidata.org/entity/Q35986$921494
=650  \0$aBibliography$1http://www.wikidata.org/entity/Q134995$93965
=651  \0$aNetherlands$1http://www.wikidata.org/entity/Q55$9173
=700  \\$aKnolle, Paul$4ctb$923590
=700  \\$aHöweler, Andries$4edt$923591
=942  \\$cBOO
=952  \\$00$10$2ddc$40$6BIB_4_000000000000000_NL_5$70$8BIB$99301$aORPH$bORPH$cKTS0$d2020-07-08$eKoopman$i34D17$oBIB4 NL 5$p20120854$r2021-01-12 00:00:00$w2021-01-12$yBOO
=999  \\$d9311

