=LDR  01383cam a22002894a 4500
=001  9312
=008  090717s2008\\\\it\a\\\\\b\\\\001\0\ita\d
=010  \\$a  2009420308
=245  03$aUn così bello e nobile istrumento.$bSiena e l'arte degli organi
=260  \\$aSiena $bProtagon$c2008
=300  \\$a527 pages$bill. (chiefly col.)$c30 cm
=490  0\$aFonti e memorie$v2
=504  \\$aIncludes bibliographical references (p. 505-519) and index.
=648  \0$aRenaissance (1400-1600)$1http://www.wikidata.org/entity/Q4692$920965
=648  \0$aPast$1http://www.wikidata.org/entity/Q192630$922196
=650  \0$aOrgan$1http://www.wikidata.org/entity/Q1444$92810
=650  \0$aFine art$1http://www.wikidata.org/entity/Q219625$921579
=650  \0$aMusic history$1http://www.wikidata.org/entity/Q846047$921373
=650  \0$aOrganology$1http://www.wikidata.org/entity/Q899293$921400
=651  \0$aSiena (Italy)$1http://www.wikidata.org/entity/Q2751$921702
=700  \\$aMancini, Cesare$4edt$912565
=700  \\$aMangiavacchi, Maria$4edt$912566
=700  \\$aMartini, Laura$4edt$912567
=856  \\$uhttp://www.loc.gov/catdir/toc/casalini08/09718001.pdf$3Table of contents only
=942  \\$cBOO
=952  \\$00$10$2ddc$40$6INS_3_000000000000000_1A_IT_SIE$70$8INS$99302$aORPH$bORPH$cKTS0$d2020-07-08$eKoopman$i44C17$oINS3.1a IT.SIE$p20126654$r2021-01-12 00:00:00$w2021-01-12$yBOO
=999  \\$d9312

