=LDR  01429    a2200289   4500
=001  9314
=008  220525s1936\\\\|||a||||\||||\00|\0cdut\d
=041  \\$adut
=100  \\$aMander, Karel van$d1548-1606$4aut$1http://www.wikidata.org/entity/Q206173$96767
=245  \\$aHet schilder-boek:$bHet leven der doorluchtige Nederlandsche en Hoogduitsche schilders
=260  \\$aAmsterdam$bWereldbibliotheek$c1936
=300  \\$a592 pages
=504  \\$aRegister, p. 585
=534  \\$aOriginally published in 1604
=563  \\$aPrecious binding designed by Georg Rueter
=590  \\$aIn hedendaagsch Nederlandsch overgebracht door A. F. Mirande en Prof. Dr. G. S. Overdiep
=648  \0$a16th Century (1501-1600)$1http://www.wikidata.org/entity/Q7017$920944
=650  \0$aFine art$1http://www.wikidata.org/entity/Q219625$921579
=650  \0$aBiography$1http://www.wikidata.org/entity/Q36279$91927
=651  \0$aNetherlands$1http://www.wikidata.org/entity/Q55$9173
=651  \0$aGermany$1http://www.wikidata.org/entity/Q183$9155
=700  \\$4trl$aMirande, A. F.$924300
=700  \\$4trl$aOverdiep, G. S.$924301
=700  \\$4dsr$aRueter, Georg$d1875-1966$1http://www.wikidata.org/entity/Q3116142$924302
=942  \\$cBOO
=952  \\$00$10$2ddc$40$6REF_1_000000000000000_MAND_GLASS_GUPBOARD$70$8REF$99304$aORPH$bORPH$cKM12_1$d2020-07-08$eKoopman$i25B26$oREF1 MAND (glass gupboard)$p20129198$r2021-01-12 00:00:00$w2021-01-12$yBOO
=999  \\$d9314

