=LDR  01141aam a2200229   4500
=001  9315
=008  220924s1979\\\\|||ag|||\||||\00|\0\eng\d
=020  \\$a0719007372
=041  \\$aeng
=100  \\$aManiates, Maria Rika$d1937-2011$4aut$1http://www.wikidata.org/entity/Q59627600$912570
=245  \\$aMannerism in Italian Music and Culture, 1530-1630
=260  \\$aManchester$bManchester University Press$c1979
=648  \0$a16th Century (1501-1600)$1http://www.wikidata.org/entity/Q7017$920944
=648  \0$a17th Century (1601-1700)$1http://www.wikidata.org/entity/Q7016$920923
=650  \0$aMusic history$1http://www.wikidata.org/entity/Q846047$921373
=650  \0$aFine art$1http://www.wikidata.org/entity/Q219625$921579
=650  \0$aPoetry$1http://www.wikidata.org/entity/Q482$93026
=650  \0$aMusical style$1http://www.wikidata.org/entity/Q11921029$92421
=651  \0$aItaly$1http://www.wikidata.org/entity/Q38$922
=942  \\$cBOO
=952  \\$00$10$2ddc$40$6TOP_IT_4_000000000000000$70$8TOP$99305$aORPH$bORPH$cKTS0$d2020-07-08$eKoopman$i42F31$l1$m2$oTOP IT 4$p20121984$r2022-10-27 00:00:00$s2022-09-05$w2021-01-12$yBOO$OKoopman
=999  \\$d9315

