=LDR  00816cam a22002291  4500
=001  9316
=005  20250219141042.0
=008  720306s1971\\\\xx\\\\\\\\\\\\000\0\ger\\
=015  \\$aGDB71-A
=020  \\$a3455031110
=040  \\$aOI
=100  \\$aMann, Michael Thomas$d1919-$912571
=245  00$aHeinrich Heines Musikkritiken$c[von] Michael Mann.
=250  \\$a[1. Aufl.]
=260  \\$a[Hamburg]$bHoffmann und Campe$c[1971]
=300  \\$a166 p.$bfacsims.$c25 cm.
=504  \\$aBibliography: p. [158]-160.
=600  \0$aHeine, Heinrich$d1797-1856$1http://www.wikidata.org/entity/Q44403$98609
=942  \\$cBOO
=952  \\$00$10$2ddc$40$6BIO_HEIN_E$70$8BIO$99306$aORPH$bORPH$cKTS1_P$d2020-07-08$eKoopman$i45C18$oBIO HEIN e$p20127346$r2021-01-12 00:00:00$w2021-01-12$yBOO$OKoopman
=999  \\$c9316$d9316
=490  \\$aHeine-Studien

