=LDR  00737aam a2200181   4500
=001  9317
=005  20250925143258.0
=008  220617b\\\\\\\\||||||||\||||\00|\f\ger\d
=041  \\$ager
=100  \\$aMann, Thomas$d1875-1955$4aut$1http://www.wikidata.org/entity/Q37030$916933
=245  \\$aTonio Kröger
=260  \\$aLübeck$bTimmermann$c1993
=648  \0$a20th Century (1901-2000)$1http://www.wikidata.org/entity/Q6927$920936
=650  \0$aLiterature$1http://www.wikidata.org/entity/Q8242$94439
=651  \0$aGermany$1http://www.wikidata.org/entity/Q183$9155
=942  \\$cBOO
=952  \\$00$10$2ddc$40$6LIT_MANN_A$70$8LIT$99307$aORPH$bORPH$cKM12_2_H$d2020-07-08$eKoopman$i35F04$oLIT MANN a$p20120688$r2021-01-12 00:00:00$w2021-01-12$yBOO
=999  \\$d9317

