=LDR  00359    a2200109   4500
=001  9319
=100  \\$aMansfeld, B.$912575
=245  \\$aDistrict museum in Torun
=260  \\$c1974
=942  \\$cBOO
=952  \\$00$10$2ddc$40$6VIS_MANS$70$8VIS$99309$aORPH$bORPH$cKTS1_H$d2020-07-08$eKoopman$i18D17$l0$oVIS MANS$p20125056$r2021-01-12 00:00:00$w2021-01-12$yBOO$OKoopman
=999  \\$c9319$d9319

