=LDR  00355    a2200109   4500
=001  9320
=100  \\$aMyers, Robert Manson$912929
=245  \\$aAnna Seward
=260  \\$c1947
=942  \\$cBOO
=952  \\$00$10$2ddc$40$6BIO_SEWA_D$70$8BIO$99310$aORPH$bORPH$cKTS1_P$d2020-07-08$eKoopman$i33F44$oBIO SEWA d$p20120874$r2021-01-12 00:00:00$w2021-01-12$yBOO$OKoopman
=999  \\$c9320$d9320

