=LDR  01399cam a22003137a 4500
=001  9321
=005  20250120120151.0
=008  010228s2000\\\\ne\ab\\\\b\\\\001\0\dut\d
=010  \\$a  2001372640
=020  \\$a9065506322
=035  \\$a(OCoLC)ocm48968747
=040  \\$aOI
=041  1\$adut$beng
=100  \\$aMantingh, Erwin$4aut$912577
=245  14$aEen monnik met een rol:$bWillem van Affligem, het Kopenhaagse leven van Lutgart en de fictie van een meerdaagse voorlezing
=260  \\$aHilversum :$bVerloren,$c2000.
=300  \\$a411 p. :$bill., maps ;$c25 cm.
=490  0\$aMiddeleeuwse studies en bronnen ;$vdeel 73
=504  \\$aIncludes bibliographical references ([364]-387) and indexes.
=546  \\$aSummary in English.
=600  \0$aLutgardis$cSaint$d1182-1246$1http://www.wikidata.org/entity/Q291708$912578
=600  \0$aAffligem, Willem van$d122?-1287$1http://www.wikidata.org/entity/Q18627820$912579
=648  \0$aMiddle Ages (500-1400)$1http://www.wikidata.org/entity/Q12554$920964
=650  \0$aBiography$1http://www.wikidata.org/entity/Q36279$91927
=650  \0$aSaint$1http://www.wikidata.org/entity/Q43115$93374
=651  \0$aFlanders (Belgium)$1http://www.wikidata.org/entity/Q234$989
=942  \\$cBOO
=952  \\$00$10$2ddc$40$6BIO_AFFL_D$70$8BIO$99311$aORPH$bORPH$cKTS1_P$d2020-07-08$eKoopman$i28B24$oBIO AFFL d$p20123629$r2021-01-12 00:00:00$w2021-01-12$yBOO
=999  \\$d9321

