=LDR  00892aam a2200181   4500
=001  9322
=008  250224s1984\\\\||||||||\||||\00|\0\ita\d
=041  \\$aita
=100  \\$aManzoni di Chiosca,$912580$4aut
=245  \\$aLa Chiesa di Santa Maria delle Grazie in Soncino
=260  \\$aCremona$bCamera di commercio industria artigianato agricoltura$c1984
=490  \\$aQuaderni della camera di commercio industria artigianato e agricoltura di Cremona$v4
=610  \0$aChiesa di Santa Maria delle Grazie (Soncino, Italy)$1http://www.wikidata.org/entity/Q30890996$939768
=650  \0$aChurch$1http://www.wikidata.org/entity/Q16970$93776
=651  \0$aSoncino (Italy)$1http://www.wikidata.org/entity/Q42936$939769
=942  \\$cBOO
=952  \\$00$10$2ddc$40$6TOP_IT_CRE$70$8TOP$99312$aORPH$bORPH$cKTS0$d2020-07-08$eKoopman$i24C19$l0$oTOP IT.CRE$p20129039$r2021-01-12 00:00:00$w2021-01-12$yBOO$OKoopman
=999  \\$d9322

