=LDR  00969aam a2200217   4500
=001  9326
=008  250416b\\\\\\\\||||||||\c|||\00|\0\spa\d
=041  \\$aspa
=100  \\$aGarcía Marcellán, José $912583
=245  \\$aCatalogo del archivo de musica de la Real Capilla de Palacio 
=260  \\$aMadrid$bPatrimonio Nacional
=300  \\$a361 pages
=610  \0$aPalacio Real de Madrid (Madrid, Spain)$1http://www.wikidata.org/entity/Q171517$940077
=650  \0$aLibrary$1http://www.wikidata.org/entity/Q7075$94229
=650  \0$aCourt$1http://www.wikidata.org/entity/Q1134237$922191
=650  \0$aPalace$92588
=650  \0$aMusic history$1http://www.wikidata.org/entity/Q846047$921373
=651  \0$aMadrid (Spain)$1http://www.wikidata.org/entity/Q2807$924677
=942  \\$cBOO
=952  \\$00$10$2ddc$40$6BIB_4_000000000000000_ES_MAD$70$8BIB$99316$aORPH$bORPH$cKTS0$d2020-07-08$eKoopman$i19B14$l0$oBIB4 ES.MAD$p20125106$r2021-01-12 00:00:00$w2021-01-12$yBOO$OKoopman
=999  \\$d9326

