=LDR  01218cam a22003014a 4500
=001  9327
=005  20250120120047.0
=008  090302s2008\\\\it\a\\\\\b\\\\001\0bita\d
=010  \\$a  2009350616
=020  \\$a9788842216889 :$c39.00 EUR
=035  \\$a(ItFiC)it 08697205
=040  \\$aItFiC$cItFiC$dDLC
=042  \\$alccopycat
=043  \\$ae-it---
=100  \\$aDi Marco, Simona$912584
=245  10$aFrederick Stibbert, 1838-1906 :$bvita di un collezionista /$cSimona Di Marco.
=260  \\$aTorino ;$aNew York :$bU. Allemandi,$cc2008.
=300  \\$a175 p. :$bill. (some col.) ;$c32 cm.
=504  \\$aIncludes bibliographical references (p. 167-170) and index.
=600  \0$aStibbert, Frederic,$d-1906.$912585
=650  \0$aCollecting$1http://www.wikidata.org/entity/Q208165$92117
=610  \0$aMuseo Stibbert.$91460
=856  \\$uhttp://www.loc.gov/catdir/toc/casalini08/08697205.pdf$3Table of contents only
=942  \\$cBOO
=952  \\$00$10$2ddc$40$6BIO_STIB_D$70$8BIO$99317$aORPH$bORPH$cKTS1_P$d2020-07-08$eKoopman$i45F12$l0$oBIO STIB d$p20127514$r2021-01-12 00:00:00$w2021-01-12$yBOO$OKoopman
=999  \\$c9327$d9327
=490  \\$aArchivi di arte antica
=651  \0$aItaly$1http://www.wikidata.org/entity/Q38$922

