=LDR  00368    a2200109   4500
=001  9330
=100  \\$aMariacher, G.$912588
=245  \\$aScultura lignea nel mondo latino
=260  \\$c1966
=942  \\$cBOO
=952  \\$00$10$2ddc$40$6VIS_MARI$70$8VIS$99320$aORPH$bORPH$cKTS1_H$d2020-07-08$eKoopman$i43G18$l0$oVIS MARI$p20126789$r2021-01-12 00:00:00$w2021-01-12$yBOO$OKoopman
=999  \\$c9330$d9330

