=LDR  01364cam a22003254a 4500
=001  9332
=005  20250121142124.0
=008  050228s2003\\\\it\a\\\\\bc\\\000\0dita\d
=010  \\$a  2005368116
=020  \\$a8831782983 :$c30.00 EUR
=035  \\$a(ItFiC)it 03650936
=040  \\$aItFiC$cItFiC$dDLC
=041  \\$aita
=042  \\$alccopycat
=100  \\$aDorigny, Louis$d1654-1742$4art$1http://www.wikidata.org/entity/Q2308644$912589
=245  10$aLouis Dorigny, 1654-1742: un pittore della corte francese a Verona
=260  \\$aVenice$bMarsilio$c2003
=300  \\$a206 p. :$bcol. ill. ;$c29 cm.
=504  \\$aIncludes bibliographical references.
=590  \\$aa cura di Giorgio Marini, Paola Marini.
=648  \0$a18th Century (1701-1800)$1http://www.wikidata.org/entity/Q7015$920899
=651  \0$aVerona (Italy)$1http://www.wikidata.org/entity/Q2028$921086
=700  \\$aMarini, Giorgio$4edt$910504
=700  \\$aMarini, Paola$4edt$912591
=710  \\$aMuseo di Castelvecchio (Verona, Italy)$91282
=856  \\$uhttp://www.loc.gov/catdir/toc/casalini01/03650936.pdf$3Table of contents
=942  \\$cBOO
=952  \\$00$10$2ddc$40$6BIO_DORI_A$70$8BIO$99322$aORPH$bORPH$cKTS1_P$d2020-07-08$eKoopman$i32B40$l0$oBIO DORI a$p20122926$r2021-01-12 00:00:00$w2021-01-12$yBOO
=999  \\$c9332$d9332
=650  \0$aFine art$1http://www.wikidata.org/entity/Q219625$921579

