=LDR  01229cam a22002774a 4500
=001  9333
=005  20250120120140.0
=008  060102s2005\\\\it\a\\\\\bc\\\000\0\ita\\
=020  \\$a8831788116 :
=040  \\$aOI
=100  \\$aFarinati, Paolo$d1524-1606$4art$1http://www.wikidata.org/entity/Q367287$912592
=245  10$aPaolo Farinati (1524-1606):$bdipinti, incisioni e disegni per l'architettura
=250  \\$a1st ed.
=260  \\$aVenice$bMarsilio$c2005
=300  \\$a266 pages$billustrations (some color)$c29 cm
=504  \\$aIncludes bibliographical references (p. 254-265).
=600  \0$aFarinati, Paolo$d1524-1606$1http://www.wikidata.org/entity/Q367287$912592
=648  \0$a16th Century (1501-1600)$1http://www.wikidata.org/entity/Q7017$920944
=650  \0$aFine art$1http://www.wikidata.org/entity/Q219625$921579
=650  \0$aArchitecture$1http://www.wikidata.org/entity/Q12271$93185
=700  \\$aMarini, Giorgio$4edt$910504
=700  \\$aMarini, Paola$4edt$912591
=700  \\$aRossi, Francesca$d-1966$4edt$912594
=942  \\$cBOO
=952  \\$00$10$2ddc$40$6BIO_FARI2_A$70$8BIO$99323$aORPH$bORPH$cKTS1_P$d2020-07-08$eKoopman$i38C46$l0$oBIO FARI2 a$p20120404$r2021-01-12 00:00:00$w2021-01-12$yBOO$OKoopman
=999  \\$d9333

