=LDR  01038cam a2200277 a 4500
=001  9334
=005  20250120120047.0
=008  961120s1996\\\\it\a\\\\\bc\\\001\0\ita\d
=010  \\$a   96221861 
=020  \\$a8843557785 (pbk.)
=035  \\$a(OCoLC)35698181
=040  \\$aC3L$cC3L$dMNS$dDLC
=042  \\$alccopycat
=043  \\$ae-it---
=045  \\$ao0s9
=100  \\$aPisanello$d1395-c. 1455$1http://www.wikidata.org/entity/Q311082$912595
=245  10$aPisanello /$ca cura di Paola Marini.
=260  \\$aMilan$bElecta,$cc1996.
=300  \\$a537 p. :$bill. (some col.) ;$c28 cm.
=504  \\$aIncludes bibliographical references (p. 509-533) and index.
=600  \0$aPisanello$d1395-c. 1455$1http://www.wikidata.org/entity/Q311082$912595
=700  \\$aMarini, Paola$912591
=710  \\$aMuseo di Castelvecchio (Verona, Italy)$91282
=942  \\$cBOO
=952  \\$00$10$2ddc$40$6BIO_PISA_D$70$8BIO$99324$aORPH$bORPH$cKTS1_P$d2020-07-08$eKoopman$i29F09$oBIO PISA d$p20121273$r2021-01-12 00:00:00$w2021-01-12$yBOO$OKoopman
=999  \\$c9334$d9334

