=LDR  02602cam a2200613 i 4500
=001  9335
=005  20251003085457.0
=008  140502s2014\\\\it\a\\\\\bc\\\001\0\ita\d
=010  \\$a  2015386818
=016  7\$a016971303$2Uk
=020  \\$a9788837099480
=020  \\$a8837099487
=020  \\$a9788837099473
=020  \\$a8837099479
=035  \\$a(OCoLC)ocn889444862
=040  \\$aMZA$beng$cMZA$erda$dC3L$dNARDE$dOCLCQ$dCOO$dCAM$dUKMGB$dFXM$dOCLCF$dDLC
=042  \\$alccopycat
=245  00$aPaolo Veronese :$bl'illusione della realtà /$ca cura di Paola Marini, Bernard Aikema.
=246  30$aIllusione della realtà
=264  \1$aMilano :$bElecta,$c[2014]
=300  \\$a399 pages :$bcolor illustrations ;$c25 cm
=336  \\$atext$btxt$2rdacontent
=336  \\$astill image$bsti$2rdacontent
=337  \\$aunmediated$bn$2rdamedia
=338  \\$avolume$bnc$2rdacarrier
=504  \\$aIncludes bibliographical references (pages 378-393) and index.
=600  \0$aVeronese,$d1528-1588$912597
=650  \0$aFine art$1http://www.wikidata.org/entity/Q219625$921579
=650  \0$aFine art$1http://www.wikidata.org/entity/Q219625$921579
=600  \0$0(OCoLC)fst00033693$aVeronese,$d1528-1588.$912598
=650  \0$0(OCoLC)fst00897830$aFine art$1http://www.wikidata.org/entity/Q219625$921579
=650  \0$0(OCoLC)fst01050910$aFine art$1http://www.wikidata.org/entity/Q219625$921579
=650  \0$0(OCoLC)fst01424028$aCatalogue$1http://www.wikidata.org/entity/Q2352616$921484
=648  \0$a16th Century (1501-1600)$1http://www.wikidata.org/entity/Q7017$920944
=700  \\$aVeronese,$d1528-1588,$912599
=700  \\$aMarini, Paola$912591
=700  \\$aAikema, Bernard$912601
=700  \\$aLodi, Stefano$912602
=700  \\$aNapione, Ettore$912603
=700  \\$aGisolfi, Diana$912604
=700  \\$aMason Rinaldi, Stefania$912605
=700  \\$aTagliaferro, Giorgio$912606
=700  \\$aPozzolo, Enrico Maria dal$912607
=700  \\$aDalla Costa, Thomas$912608
=700  \\$aContò, Agostino$912609
=700  \\$aDi Lieto, Alba$912610
=700  \\$aBrunelli, Nicola$912611
=710  \\$aPalazzo della Gran Guardia (Verona, Italy)$91461
=710  \\$aNational Gallery (London, United Kingdom)$1http://www.wikidata.org/entity/Q180788$91276
=740  0\$aVeronese, magnificence in Renaissance Venice.
=942  \\$cBOO
=952  \\$00$10$2ddc$40$6BIO_VERO2_D$70$8BIO$99325$aORPH$bORPH$cKTS1_P$d2020-07-08$eKoopman$i44G11$l0$oBIO VERO2 d$p20126870$r2021-01-12 00:00:00$w2021-01-12$yBOO$OKoopman
=999  \\$c9335$d9335
=651  \0$aItaly$1http://www.wikidata.org/entity/Q38$922

