=LDR  01200    a2200265   4500
=001  9336
=005  20251003085457.0
=008  211006s2013\\\\it\fa|||\||||\00|\0\ita\d
=020  \\$a9788884131157
=041  \\$aita
=245  \\$aGli antichi strumenti della cappella musicale.$bSaggi e catalogo
=260  \\$c2013$aAssisi$bCasa editrice Francescana
=300  \\$a117 pages
=561  \\$aEx Libris Ton Koopman
=648  \0$a16th Century (1501-1600)$1http://www.wikidata.org/entity/Q7017$920944
=648  \0$a17th Century (1601-1700)$1http://www.wikidata.org/entity/Q7016$920923
=648  \0$a18th Century (1701-1800)$1http://www.wikidata.org/entity/Q7015$920899
=648  \0$a19th Century (1801-1900)$1http://www.wikidata.org/entity/Q6955$920935
=650  \0$aOrganology$1http://www.wikidata.org/entity/Q899293$921400
=650  \0$aCatalogue$1http://www.wikidata.org/entity/Q2352616$921484
=651  \0$aAssisi (Italy)$1http://www.wikidata.org/entity/Q20103$922432
=700  \\$4cur$aMarioli, P. Luigi$912612
=942  \\$cBOO
=952  \\$00$10$2ddc$40$6INS_1B_IT_ASS1$70$8INS$99326$aORPH$bORPH$cKTS0$d2020-07-08$eKoopman$i43E27$oINS1b IT.ASS1$p20127131$r2021-01-12 00:00:00$w2021-01-12$yBOO
=999  \\$d9336

