=LDR  01538aam a2200265   4500
=001  9339
=008  231210s1963\\\\||||||||\||||\00|\d\eng\d
=041  \\$aeng
=100  \\$aWright, L. B.$926825$4edt
=245  \\$aFour Famous Tudor and Stuart Plays:$bDoctor Faustus by Christopher Marlowe, The Shoemaker's Holiday by Thomas Dekker, Volpone by Ben Jonson, The Dichess of Malfi by John Webster
=260  \\$aNew York$bWashington Square Press$c1963
=600  \0$aFaust$1http://www.wikidata.org/entity/Q332885$922646
=610  \0$aHouse of Tudor$1http://www.wikidata.org/entity/Q101978$922790
=610  \0$aHouse of Stuart$1http://www.wikidata.org/entity/Q179840$922791
=648  \0$a16th Century (1501-1600)$1http://www.wikidata.org/entity/Q7017$920944
=648  \0$a17th Century (1601-1700)$1http://www.wikidata.org/entity/Q7016$920923
=650  \0$aPlay (theater)$1http://www.wikidata.org/entity/Q25379$921414
=651  \0$aUnited Kingdom$1http://www.wikidata.org/entity/Q21$9273
=700  \\$aMarlowe, Christopher$d1564-1593$1http://www.wikidata.org/entity/Q28975$4aut$912615
=700  \\$aDekker, Thomas$d1572-1632$1http://www.wikidata.org/entity/Q336189$4aut$926824
=700  \\$aJonson, Ben$d1572-1637$1http://www.wikidata.org/entity/Q193857$4aut$925901
=700  \\$aWebster, John$d1578-1634$1http://www.wikidata.org/entity/Q225904$4aut$915420
=942  \\$cBOO
=952  \\$00$10$2ddc$40$6LIT_MARL_A$70$8LIT$99329$aORPH$bORPH$cKM12_2_H$d2020-07-08$eKoopman$i40A13$oLIT MARL a$p20120349$r2021-01-12 00:00:00$w2021-01-12$yBOO
=999  \\$d9339

