=LDR  00906aam a2200217   4500
=001  9340
=008  231210s1965\\\\||||||||\||||\00|\d\eng\d
=041  \\$aeng
=100  \\$aMarlowe, Christopher$d1564-1593$4aut$912615
=245  \\$aMarlowe's Plays and Poems
=260  \\$aLondon$bDent$c1965
=490  \\$aEveryman's Library
=600  \0$aFaust$1http://www.wikidata.org/entity/Q332885$922646
=648  \0$a16th Century (1501-1600)$1http://www.wikidata.org/entity/Q7017$920944
=650  \0$aPlay (theater)$1http://www.wikidata.org/entity/Q25379$921414
=650  \0$aPoetry$1http://www.wikidata.org/entity/Q482$93026
=651  \0$aUnited Kingdom$1http://www.wikidata.org/entity/Q21$9273
=700  \\$aRidley, M. R.$4edt$926826
=942  \\$cBOO
=952  \\$00$10$2ddc$40$6LIT_MARL_A$70$8LIT$99330$aORPH$bORPH$cKM12_2_H$d2020-07-08$eKoopman$i40A19$oLIT MARL a$p20120342$r2021-01-12 00:00:00$w2021-01-12$yBOO
=999  \\$d9340

