=LDR  01113cam a2200277   4500
=001  9341
=005  20250120120517.0
=008  700507r19761969enk\\\\\\b\\\\000\0\eng\\
=015  \\$aB69-22282
=020  \\$a0140430377
=040  \\$aOI
=041  \\$aeng
=100  \\$aMarlowe, Christopher$d1564-1593$1http://www.wikidata.org/entity/Q28975$4aut$912615
=245  14$aThe Complete Plays
=260  \\$aHarmondsworth$bPenguin$c1976
=300  \\$a601 pages$c19 cm
=490  0\$aThe Penguin English Library
=504  \\$aBibliography: p. 39.
=600  \0$aFaust$1http://www.wikidata.org/entity/Q332885$922646
=648  \0$a16th Century (1501-1600)$1http://www.wikidata.org/entity/Q7017$920944
=650  \0$aPlay (theater)$1http://www.wikidata.org/entity/Q25379$921414
=651  \0$aUnited Kingdom$1http://www.wikidata.org/entity/Q21$9273
=700  \\$aSteane, John Barry$1http://www.wikidata.org/entity/Q6104756$4edt$4win$914200
=942  \\$cBOO
=952  \\$00$10$2ddc$40$6LIT_MARL_A$70$8LIT$99331$aORPH$bORPH$cKM12_2_H$d2020-07-08$eKoopman$i40A20$oLIT MARL a$p20120341$r2021-01-12 00:00:00$w2021-01-12$yBOO
=999  \\$d9341

