=LDR  03000cam a2200409 i 4500
=001  9342
=005  20251003085939.0
=008  171201t20172017gw\\\\\\\b\\\\001\0\ger\d
=010  \\$a  2017569209
=020  \\$a9783793098966$q(paperback)
=020  \\$a3793098966$q(paperback)
=024  3\$a9783793098966
=035  \\$a(OCoLC)1013873317
=040  \\$aOHX$beng$erda$cOHX$dOCLCO$dHMU$dPTS$dSTF$dDLC
=041  \\$ager
=100  \\$aMarquard, Reiner$4aut$941516
=245  14$aDas Lamm in Tigerklauen.$bChristian Friedrich Henrici alias Picander und das Libretto der Matthäus-Passion von Johann Sebastian Bach
=250  \\$a1st ed.
=264  \1$aFreiburg$bRombach$c2017
=300  \\$a173 pages ;$c23 cm.
=336  \\$atext$btxt$2rdacontent
=337  \\$aunmediated$bn$2rdamedia
=338  \\$avolume$bnc$2rdacarrier
=490  1\$aRombach Wissenschaften
=504  \\$aIncludes bibliographical references (pages 153-165) and index.
=505  00$aVorwort -- Bey einer andächtigen Musique ist allezeit Gott mit seiner Gnadengegenwart : Frömmigkeit als Haltung -- ...als dass unser lieber Herr selbst mit uns rede durch sein heiligs Wort und wir umgekehrt mit ihm reden durch unser Gebet und Lobgesang : die Matthäus-Passion als liturgischer Akt -- Ich bin hiermit gantz wohl zufrieden... : Christian Friedrich Henrici, alias Picander -- Denn es stehet geschrieben... : Erwägungen zum Schriftgebrauch der Matthäus-Passion im Kontext der lutherischen Orthodoxie -- All Sünd hast du getragen... : Erwägungen zum Verständnis der Natur der Sünde in der Matthäus-Passion -- Ich will mich in dir versenken... : die Lehre von der unio mystica als Integral der Rechtfertigungsbotschaft in der Matthäus-Passion -- Aus Liebe will mein Heiland sterben... : Erwägungen zur Christologie der Matthäus-Passion -- So macht mich doch sein Testament erfreut... : über die kostbare Niessung beim Abendmahl -- Er hat uns allen wohlgetan : Trost und Vertrauen -- Anhang -- Matthäus-Passion (BWV 244) -- Evangelium nach Matthäus : Jesu Leiden und Sterben : Kapitel 26 und 27 -- Abkürzungen -- Literaturverzeichnis -- Register -- Bibelstellen -- Begriffe -- Personen.
=600  \0$aBach, Johann Sebastian$d1685-1750$tMatthäuspassion.$1http://www.wikidata.org/entity/Q1339$94766
=600  \0$aPicander$d1700-1764$1http://www.wikidata.org/entity/Q60613$97355
=648  \0$a18th Century (1701-1800)$1http://www.wikidata.org/entity/Q7015$920899
=650  \0$aPassion$1http://www.wikidata.org/entity/Q781815$92006
=650  \0$aMusic history$1http://www.wikidata.org/entity/Q846047$921373
=650  \0$aLibretto$1http://www.wikidata.org/entity/Q131084$94031
=650  \0$aLutheranism$1http://www.wikidata.org/entity/Q75809$923975
=651  \0$aLeipzig (Germany)$1http://www.wikidata.org/entity/Q2079$945
=942  \\$cBOO
=952  \\$00$10$2ddc$40$6BIO_PICA_E$70$8BIO$99332$aORPH$bORPH$cKTS1_P$d2020-07-08$eKoopman$h $i47C34$l0$oBIO PICA e$p20123720$r2021-01-12 00:00:00$w2021-01-12$yBOO
=999  \\$d9342

