=LDR  00980    a2200217   4500
=001  9343
=008  220510s2013\\\\sp\a||||\||||\00|\0\spa\d
=041  \\$aspa
=100  \\$aMarquez Caraballo, Pablo$4aut$912616
=245  \\$aRecuperación de las cajas renacentistas de los Organos de la catedral de Valencia
=260  \\$c2013$aValencia$bUniversidad de Valencia
=300  \\$a150 pages
=336  \\$aprinted
=500  \\$aMaster thesis printed dissertation
=610  \0$aCatedral de Santa María de Valencia (Spain)$1http://www.wikidata.org/entity/Q1466926$924141
=650  \0$aOrgan$1http://www.wikidata.org/entity/Q1444$92810
=650  \0$aOrganology$1http://www.wikidata.org/entity/Q899293$921400
=651  \0$aValencia (Spain)$1http://www.wikidata.org/entity/Q8818$924140
=942  \\$cBOO
=952  \\$00$10$2ddc$40$6INS_3_000000000000000_1E_ES_VAL$70$8INS$99333$aORPH$bORPH$cKTS0$d2020-07-08$eKoopman$i43C47$oINS 3.1e ES.VAL$p20127160$r2021-01-12 00:00:00$w2021-01-12$yBOO
=999  \\$d9343

