=LDR  00876aam a2200193   4500
=001  9344
=008  250228s1902\\\\|||g||||\b|||\001\0\ger\d
=059  \\$av
=100  \\$aMarriage, M. Elisabeth$912617$4aut$4col
=245  \\$aVolkslieder aus der Badischen Pfalz
=260  \\$c1902$aHalle$bNiemeyer
=300  \\$axiv-404 pages
=590  \\$aGesammelt und mit Unterstützung des Grossherzoglich Badischen Ministeriums der Justiz, des Kultus und Unterrichts herausgegeben
=650  \0$aSong$1http://www.wikidata.org/entity/Q7366$94164
=650  \0$aFolk music$1http://www.wikidata.org/entity/Q43343$921594
=651  \0$aBaden-Württemberg (Germany)$1http://www.wikidata.org/entity/Q985$922802
=942  \\$cBOO
=952  \\$00$10$2ddc$40$6TOP_DE_BAD$70$8TOP$99334$aORPH$bORPH$cKTS0$d2020-07-08$eKoopman$i20D10$l0$oTOP DE.BAD$p20125325$r2021-01-12 00:00:00$w2021-01-12$yBOO$OKoopman
=999  \\$d9344

