=LDR  01519cam a2200313   4500
=001  9348
=005  20250926134855.0
=008  720829s1972\\\\njua\\\\\b\\\\001\0\eng\\
=020  \\$a0691091137
=040  \\$aOI
=041  \\$aeng
=100  \\$aMarshall, Robert Lewis$4aut$912619
=245  14$aThe Compositional Process of J. S. Bach:$bA Study of the Autograph Scores of the Vocal Works
=260  \\$aPrinceton, NJ$bPrinceton University Press$c1972
=300  \\$a2 vols.$billustrations$c29 cm
=350  \\$a$35.00
=490  \\$aPrinceton Studies in Music$v4
=500  \\$aCopy includes a photocopied review of the book by Christoph Wolff
=504  \\$aBibliography: v. 1, p. [249]-256.
=600  \0$aBach, Johann Sebastian$d1685-1750$1http://www.wikidata.org/entity/Q1339$94766
=648  \0$a18th Century (1701-1800)$1http://www.wikidata.org/entity/Q7015$920899
=650  \0$aVocal music$1http://www.wikidata.org/entity/Q685884$93319
=650  \0$aComposing$1http://www.wikidata.org/entity/Q92186587$93076
=650  \0$aManuscript$1http://www.wikidata.org/entity/Q87167$92275
=651  \0$aGermany$1http://www.wikidata.org/entity/Q183$9155
=942  \\$cBOO
=952  \\$00$10$2ddc$3vol. 1$40$6BIO_BACH1_E$70$8BIO$99337$aORPH$bORPH$cKTS1_P$d2020-07-08$eKoopman$i32B10_1$oBIO BACH1 e$p20122957$r2021-01-12 00:00:00$w2021-01-12$yBOO
=952  \\$00$10$2ddc$3vol. 2$40$6BIO_BACH1_E$70$8BIO$99338$aORPH$bORPH$cKTS1_P$d2020-07-08$eKoopman$i32B10_2$oBIO BACH1 e$p20122956$r2021-01-12 00:00:00$w2021-01-12$yBOO
=999  \\$d9348

