=LDR  01117nam a22002537i 4500
=001  9349
=003  OI
=005  20250121142124.0
=008  960704s1991\\\\it\||||||\\\\|||||\|||||c
=040  \\$bOI
=041  \7$aita
=100  1\$aMarsiletti, Giancarlo$4aut
=245  13$aIl ventaglio dipinto:$barte preziosa dal Seicento all'Ottocento
=260  \\$aVicenza$bIl Tritone$c1991
=300  \\$a155 pages$billustrations$c22x24 cm
=500  \\$aAzienda di promozione turistica di Verona; Fondazione Museo Miniscalchi-Erizzo.
=590  \\$aMuseo Miniscalchi-Erizzo, Verona, 21 settembre-3 novembre 1991
=648  \0$a17th Century (1601-1700)$1http://www.wikidata.org/entity/Q7016$920923
=648  \0$a18th Century (1701-1800)$1http://www.wikidata.org/entity/Q7015$920899
=648  \0$a19th Century (1801-1900)$1http://www.wikidata.org/entity/Q6955$920935
=650  \0$aApplied arts$1http://www.wikidata.org/entity/Q2865882$921627
=942  \\$cBOO
=952  \\$00$10$2ddc$40$6VIS_MARS$70$8VIS$99339$aORPH$bORPH$cKTS1_H$d2020-07-08$eKoopman$i18D44$l0$oVIS MARS$p20125029$r2022-09-19 00:00:00$w2021-01-12$yBOO$OKoopman
=999  \\$d9349

