=LDR  01344aam a2200265   4500
=001  9350
=005  20251016161147.0
=008  230106s1970\\\\|||ao|||\||||\00|\0\ger\d
=041  \\$ager
=100  \\$aMartí, S.$4aut$912621
=245  \\$aAlt-Amerika, Musik der Indianer in präkolumbischer Zeit
=260  \\$aLeipzig$bVEB Deutscher Verlag für Musik$c1970
=300  \\$a196 pages
=490  \\$aMusikgeschichte in Bildern$v2: Musik des Altertums, Lieferung 7
=648  \0$aClassical Antiquity (8th Century BC-6th Century AD)$1http://www.wikidata.org/entity/Q486761$921435
=648  \0$aMiddle Ages (500-1400)$1http://www.wikidata.org/entity/Q12554$920964
=650  \0$aFolk music$1http://www.wikidata.org/entity/Q43343$921594
=650  \0$aMusic history$1http://www.wikidata.org/entity/Q846047$921373
=651  \0$aNorth America$1http://www.wikidata.org/entity/Q49$939846
=651  \0$aSouth America$1http://www.wikidata.org/entity/Q1$922373
=700  \\$4edt$aBesseler, Heinrich$d1900-1969$1http://www.wikidata.org/entity/Q87832$916337
=700  \\$4edt$aSchneider, Max$d1875-1967$1http://www.wikidata.org/entity/Q1913387$916830
=942  \\$cBOO
=952  \\$00$10$2ddc$40$6TOP_XX_1_000000000000000$70$8TOP$99340$aORPH$bORPH$cKTS0$d2020-07-08$eKoopman$i25F15 II/7$l0$oTOP XX 1$p20129380$r2021-01-12 00:00:00$w2021-01-12$yBOO$OKoopman
=999  \\$d9350

