=LDR  01142cam a22002534a 4500
=001  9351
=005  20250121142124.0
=008  011019s2001\\\\gw\ag\\\\b\\\\001\0\ger\c
=020  \\$a3487114674 (pbk.)
=040  \\$aOI
=041  \\$ager
=100  \\$aMartin, Christine$d-1961$4aut$912622
=245  10$aVicente Martin y Solers Oper Una cosa rara:$bGeschichte eines Opernerfolgs im 18. Jahrhundert
=260  \\$aHildesheim$aNew York$bOlms$c2001
=300  \\$a451 pages$billustrations, music$c21 cm
=490  \\$aMusikwissenschaftliche Publikationen$v15
=504  \\$aIncludes bibliographical references (p. [431]-444) and index.
=600  \0$aMartín y Soler, Vicente$d1754-1806$1http://www.wikidata.org/entity/Q377409$95850
=648  \0$a18th Century (1701-1800)$1http://www.wikidata.org/entity/Q7015$920899
=650  \0$aOpera$1http://www.wikidata.org/entity/Q1344$92468
=650  \0$aMusic history$1http://www.wikidata.org/entity/Q846047$921373
=942  \\$cBOO
=952  \\$00$10$2ddc$40$6BIO_MART2_E$70$8BIO$99341$aORPH$bORPH$cKTS1_P$d2020-07-08$eKoopman$i38E15$oBIO MART2 e$p20120386$r2021-01-12 00:00:00$w2021-01-12$yBOO$OKoopman
=999  \\$d9351

