=LDR  01752aam a2200313   4500
=001  9357
=008  231207s2011\\\\|||oaf||\b|||\00|\0\spa\d
=041  \\$aspa
=245  \\$aEl Real Monasterio de San Jerónimo
=260  \\$c2011$aGranada$bEdiciones Ilíberis
=300  \\$a144 pages
=490  \\$aColección Acordes de Granada. El Lazarillo del Patrimonio$v4
=500  \\$aThe Royal Monastery of St. Jerome is a Roman Catholic Hieronymite monastery in Granada, Spain. Architecturally, it is in the Renaissance style. The church, famous for its architecture, was the first in the world consecrated to the Immaculate Conception of Mary.
=610  \0$aReal Monasterio de San Jerónimo (Granada, Spain)$1http://www.wikidata.org/entity/Q1955435$940250
=648  \0$a16th Century (1501-1600)$1http://www.wikidata.org/entity/Q7017$920944
=650  \0$aMonastery$1http://www.wikidata.org/entity/Q44613$926216
=650  \0$aCatholicism$1http://www.wikidata.org/entity/Q1841$921631
=650  \0$aArchitecture$1http://www.wikidata.org/entity/Q12271$93185
=650  \0$aChurch$1http://www.wikidata.org/entity/Q16970$93776
=650  \0$aFine art$1http://www.wikidata.org/entity/Q219625$921579
=650  \0$aInterior design$1http://www.wikidata.org/entity/Q179232$921367
=650  \0$aCultural history$1http://www.wikidata.org/entity/Q858517$922395
=651  \0$aGranada (Spain)$1http://www.wikidata.org/entity/Q29$926814
=700  \\$aMartínez, Carmen$4aut$912628
=700  \\$aCuriel, Alfredo$4aut$4pht$940248
=700  \\$aSánchez, Ana María$4pht$940249
=942  \\$cBOO
=952  \\$00$10$2ddc$40$6TOP_ES_GRA$70$8TOP$99347$aORPH$bORPH$cKTS0$d2020-07-08$eKoopman$i43B28$l0$oTOP ES.GRA$p20127224$r2021-01-12 00:00:00$w2021-01-12$yBOO$OKoopman
=999  \\$d9357

