=LDR  01852cam a2200313 i 4500
=001  9359
=008  780831s1977\\\\\\\ofgh\\b\\\\001\0dspa\|
=041  \\$aspa
=100  \\$aCalahorra Martínez, Pedro$4aut$912629
=245  13$aLa música en Zaragoza en los siglos XVI y XVII$bVol.1. Organistas, organeros y órganos. Vol.2. Polifonistas y ministriles.
=260  \\$aZaragoza$bInstitución Fernando el Católico$c1977-78 
=300  \\$a2 vols. (284+386-32 pages)
=490  1\$aTemas aragoneses$v14, 17
=504  \\$aIncludes bibliographical references and indexes.
=648  \0$1http://www.wikidata.org/entity/Q7017$a16th Century (1501-1600)$920944
=648  \0$1http://www.wikidata.org/entity/Q7016$a17th Century (1601-1700)$920923
=650  \0$aMusic history$1http://www.wikidata.org/entity/Q846047$921373
=650  \0$aChurch music$1http://www.wikidata.org/entity/Q8812109$92283
=650  \0$aOrganist$1http://www.wikidata.org/entity/Q765778$94471
=650  \0$aBiography$1http://www.wikidata.org/entity/Q36279$91927
=650  \0$aStadtpfeifer$1http://www.wikidata.org/entity/Q1412422$924631
=650  \0$aCappella$1http://www.wikidata.org/entity/Q19902156$922910
=650  \0$aComposer$1http://www.wikidata.org/entity/Q36834$93625
=650  \0$aOrgan$1http://www.wikidata.org/entity/Q1444$92810
=651  \0$aZaragoza (Spain)$1http://www.wikidata.org/entity/Q10305$924132
=942  \\$cBOO
=952  \\$00$10$2ddc$3Vol.1 Organistas, Organero y Organos$40$6TOP_ES_ZAR_4_000000000000000$70$8TOP$99348$aORPH$bORPH$cKTS0$d2020-07-08$eKoopman$i20E13-I $l0$oTOP ES.ZAR 4$p20125368$r2021-01-12 00:00:00$w2021-01-12$yBOO
=952  \\$00$10$2ddc$3vol. 2 Polifonistas y Ministrels$40$6TOP_ES_ZAR_4_000000000000000$70$8TOP$99349$aORPH$bORPH$cKTS0$d2020-07-08$eKoopman$i20E13-II$l0$oTOP ES.ZAR 4$p20125367$r2021-01-12 00:00:00$w2021-01-12$yBOO
=999  \\$d9359

