=LDR  01183cam a2200229 i 4500
=001  9361
=008  750811s1975\\\\gw\b\\\\\b\\\\001\0\ger\\
=015  \\$aGFR***
=020  \\$a3761804970
=040  \\$aOI
=100  \\$aMartini, Ulrich$912630$4aut
=245  14$aDie Orgeldispositions Sammlungen bis zur Mitte des 19. Jahrhunderts 
=260  \\$aKassel $bBärenreiter$c1975
=300  \\$avii, 164 pages, [34] leaves$bmaps $c27 cm
=490  \\$aVeröffentlichungen der Orgelwissenschaftlichen Forschungsstelle im Musikwissenschaftlichen Seminar der Westfälischen Wilhelms-Universität Münster ;$vNr. 6
=504  \\$aIncludes bibliographical references and index.
=650  \0$aOrgan$1http://www.wikidata.org/entity/Q1444$92810
=650  \0$aOrganology$1http://www.wikidata.org/entity/Q899293$921400
=942  \\$cBOO
=952  \\$00$10$2ddc$40$6INS_3_000000000000000_1B$70$8INS$99350$aORPH$bORPH$cKTS0$d2020-07-08$eKoopman$i23D39$l0$oINS3.1b$p20128628$r2021-01-12 00:00:00$w2021-01-12$yBOO$OKoopman
=952  \\$00$10$2ddc$40$6INS_3_000000000000000_1A$70$8INS$99351$aORPH$bORPH$cKTS0$d2020-07-08$eKoopman$i24E07$l0$oINS3.1a$p20125944$r2021-01-12 00:00:00$w2021-01-12$yBOO$OKoopman
=999  \\$d9361

