=LDR  01092pam a2200253 a 4500
=001  9364
=005  20250205110319.0
=008  871013s1988\\\\ctuafg\\\b\\\\001\0deng\\
=020  \\$a0300038526 (alk. paper)
=040  \\$aOI
=041  \\$aeng
=100  \\$aMarty, Jean-Pierre$4aut$912633
=245  14$aThe Tempo Indications of Mozart
=260  \\$aNew Haven, CT$bYale University Press$c1988
=300  \\$axv-279 pages, 112 pages of plates$btables, music$c24 cm
=504  \\$aBibliography: p. 223.
=600  \0$aMozart, Wolfgang Amadeus$d1756-1791$1http://www.wikidata.org/entity/Q254$95341
=648  \0$a18th Century (1701-1800)$1http://www.wikidata.org/entity/Q7015$920899
=650  \0$aTempo$1http://www.wikidata.org/entity/Q189214$92723
=650  \0$aMusical analysis$1http://www.wikidata.org/entity/Q1544924$92775
=651  \0$aAustria$1http://www.wikidata.org/entity/Q40$9202
=942  \\$cBOO
=952  \\$00$10$2ddc$40$6BIO_MOZA1_E$70$8BIO$99354$aORPH$bORPH$cKTS1_P$d2020-07-08$eKoopman$h30F09$l1$oBIO MOZA1 e$p20123320$r2025-05-14 11:13:50$s2025-05-12$w2021-01-12$yBOO$OKoopman
=999  \\$d9364

