=LDR  01200aam a2200229   4500
=001  9365
=005  20251003085457.0
=008  250203s1971\\\\||||||||\c|||\00|\0\ger\d
=041  \\$ager
=100  \\$aMarx-Weber, Magda$d1941-2017$1http://www.wikidata.org/entity/Q72937850$912634$4aut
=245  \\$aKatalog der Musikhandschriften im Besitz des Musikwissenschaftlichen Seminars der Rheinischen Friedrich-Wilhelms-Universität zu Bonn
=260  \\$aCologne$bVolk$c1971
=300  \\$a138 pages
=490  \\$aBeiträge zur Rheinischen Musikgeschichte$v89
=610  \0$aRheinische Friedrich-Wilhelms-Universität Bonn (Germany)$1http://www.wikidata.org/entity/Q152171$939627
=650  \0$aLibrary$1http://www.wikidata.org/entity/Q7075$94229
=650  \0$aManuscript$1http://www.wikidata.org/entity/Q87167$92275
=650  \0$aCatalogue$1http://www.wikidata.org/entity/Q2352616$1http://www.wikidata.org/entity/Q6941730$921484
=651  \0$aBonn (Germany)$1http://www.wikidata.org/entity/Q586$9112
=942  \\$cBOO
=952  \\$00$10$2ddc$40$6BIB_4_000000000000000_DE_BON$70$8BIB$99355$aORPH$bORPH$cKTS0$d2020-07-08$eKoopman$i35E28$l0$oBIB4 DE.BON$p20122484$r2021-01-12 00:00:00$w2021-01-12$yBOO$OKoopman
=999  \\$d9365

