=LDR  00967cam a2200217 a 4500
=001  9366
=005  20250120120326.0
=008  860114s1980\\\\gw\cgh\\\b\\\\001\0\ger\\
=020  \\$a3872521217
=040  \\$aOI
=100  \\$aMarx, Hans Joachim$d1935-$1http://www.wikidata.org/entity/Q18625182$912635
=245  14$aDie Überlieferung der Werke Arcangelo Corellis :$bcatalogue raisonné /$cvon Hans Joachim Marx.
=260  \\$aKöln :$bA. Volk,$c1980.
=300  \\$a356 p. :$bfacsims., music, col. port. ;$c25 cm.
=504  \\$aBibliography: p. [340]-350.
=600  \0$aCorelli, Arcangelo$d1653-1713$1http://www.wikidata.org/entity/Q164475$95351
=700  \2$aCorelli, Arcangelo$d1653-1713$1http://www.wikidata.org/entity/Q164475$95351
=740  0\$aCatalogue raisonné.
=942  \\$cBOO
=952  \\$00$10$2ddc$40$6BIO_CORE_C$70$8BIO$99356$aORPH$bORPH$cKTS1_P$d2020-07-08$eKoopman$i32D10$l0$oBIO CORE c$p20123138$r2021-01-12 00:00:00$w2021-01-12$yBOO$OKoopman
=999  \\$c9366$d9366

