=LDR  03807cam a2200385 a 4500
=001  9367
=005  20250121142124.0
=008  880921s1988\\\\gw\aefg\\b\\\\000\0dger\\
=020  \\$a3890071465
=040  \\$aOI
=041  \\$ager
=245  10$aHändel auf dem Theater.$bBericht über die Symposien der Internationalen Händel-Akademie, Karlsruhe, 1986 und 1987
=260  \\$aLaaber$bLaaber-Verlag$c1988
=300  \\$a225 pages$billustrations, plans, plates, music, facsimiles$c25 cm
=490  \\$aVeröffentlichungen der Internationalen Händel-Akademie Karlsruhe$v2
=504  \\$aIncludes bibliographical references.
=505  \\$gZur Einführung / S. Schmalzriedt -- Georg Friedrich Händel-Oper und Oratorium. Gattungstypologie und Aufführungspraxis / J. P. Larsen -- Semele von John Eccles und Georg Friedrich Händel / S. Leopold -- Englische Formen in Händels Werk. Bemerkungen zur Gattungstypologie und Aufführungspraxis / A. Mann -- Funktion und Besetzung des Chores in Händels frühen Opern und Oratorien / H. J. Marx -- Theorie und Praxis der Gesangsschulen zur Zeit Händels. Bemerkungen zu Tosis Opinioni de'cantori antichi e moderni / S. Durante -- "... nach der verdorbenen Welschen Zwang-Art". Beobachtungen zum Stilwandel in Händels Londoner Opernschaffen / R. Kubik -- Die Kastratenrollen in Händels Londoner Opern. Probleme und Lösungsvorschläge / D. Burrows -- Zur Besetzungspraxis bei den Hallischen Händel-Festspielen / W. Kersten -- Die Kastratenrollen und ihre Besetzung / C. Farncombe -- Händel-ein europäisches Thema / I. Fabian -- Zur Einführung / J. J. Marx -- Zwischen Kunst und Kommerz. Organisationsformen der Barock-Oper / D. Diederichsen -- Dramaturgische und szenische Aspekte der Coventgarden-Opern Händels, dargestellt an der Oper Oreste (1734) / B. Baselt -- Die Bühnenausstattung von Händels Opern in London / L. Lindgren (143) -- Ballet d'action in den Opern G.F. Händels / E. Campianu (171) -- Szenische Aspekte in Händels Opernmusik / S. Kunze (181) -- Über die Ausstattung von Händel-Opern / H. Balthes (195) -- Xerxes und Orlando in der Karlsruher Inszenierung / K. R. Pietschmann (201) -- Zur Geschichte der Händel-Opern-Renaissance in Halle / W. Siegmund-Schultze (203) -- Meine Erfahrungen als Regisseur Händelscher Opern / J. Herz (213) -- Zu aktuellen Problemen der Händel-Rezeption / I. Fabian (223)
=600  \0$aEccles, John$d1668-1735$1http://www.wikidata.org/entity/Q784570$920127
=600  \0$aHandel, George Frideric$d1685-1759$1http://www.wikidata.org/entity/Q7302$94765
=610  \0$aTheatre Royal, Covent Garden (London, United Kingdom)$1http://www.wikidata.org/entity/Q55018$923267
=610  \0$aKing's Theatre (London, United Kingdom)$1http://www.wikidata.org/entity/Q1155331$91409
=648  \0$a18th Century (1701-1800)$1http://www.wikidata.org/entity/Q7015$920899
=650  \0$aOratorio$1http://www.wikidata.org/entity/Q85477$91825
=650  \0$aOpera$1http://www.wikidata.org/entity/Q1344$92468
=650  \0$aStaging$1http://www.wikidata.org/entity/Q3508687$922118
=650  \0$aBallet$1http://www.wikidata.org/entity/Q41425$94412
=650  \0$aScenography$1http://www.wikidata.org/entity/Q737201$921278
=650  \0$aCastrato$1http://www.wikidata.org/entity/Q210970$92704
=651  \0$aLondon (United Kingdom)$1http://www.wikidata.org/entity/Q84$9123
=651  \0$aHalle (Saale, Germany)$1http://www.wikidata.org/entity/Q2814$921799
=651  \0$aKarlsruhe (Germany)$1http://www.wikidata.org/entity/Q1040$924819
=700  \\$aMarx, Hans Joachim$d1935-$4edt$1http://www.wikidata.org/entity/Q18625182$912635
=942  \\$cBOO
=952  \\$00$10$2ddc$40$6BIO_HAND_E$70$8BIO$99357$aORPH$bORPH$cKTS1_P$d2020-07-08$eKoopman$i32E19$oBIO HAND e$p20122850$r2021-01-12 00:00:00$w2021-01-12$yBOO$OKoopman
=999  \\$d9367

