=LDR  01261cam a2200277 a 4500
=001  9368
=005  20251003085457.0
=008  960221s1995\\\\gw\a\\\\\bc\\\001\0\ger\\
=020  \\$a3890072682
=040  \\$aOI
=041  \\$ager
=245  14$aDie Hamburger Gänsemarkt-Oper:$bKatalog der Textbücher (1678-1748)
=260  \\$aLaaber$bLaaber-Verlag$c1995
=300  \\$a566 pages$bill. ;$c25 cm.
=504  \\$aIncludes bibliographical references (p. 541-557) and index.
=648  \0$a17th Century (1601-1700)$1http://www.wikidata.org/entity/Q7016$920923
=648  \0$a18th Century (1701-1800)$1http://www.wikidata.org/entity/Q7015$920899
=650  \0$aCatalogue$1http://www.wikidata.org/entity/Q2352616$921484
=650  \0$aOpera$1http://www.wikidata.org/entity/Q1344$92468
=650  \0$aLibretto$1http://www.wikidata.org/entity/Q131084$94031
=651  \0$aHamburg (Germany)$1http://www.wikidata.org/entity/Q1055$921940
=700  \\$aMarx, Hans Joachim$d1935-$1http://www.wikidata.org/entity/Q18625182$912635
=700  \\$aSchröder, Dorothea$4aut$912639
=942  \\$cBOO
=952  \\$00$10$2ddc$40$6TOP_DE_HAM_5_000000000000000$70$8TOP$99358$aORPH$bORPH$cKTS0$d2020-07-08$eKoopman$i33G03$oTOP DE.HAM 5$p20122706$r2021-01-12 00:00:00$w2021-01-12$yBOO
=999  \\$d9368

