=LDR  01803cam a2200325 a 4500
=001  9370
=005  20250909153408.0
=008  081219m20089999gw\acgh\\bf\\\000\0dger\d
=020  \\$a9783890076850
=040  \\$aOI
=041  \\$ager
=100  \\$aMarx, Hans Joachim$d1935-$1http://www.wikidata.org/entity/Q18625182$4aut$912635
=245  04$aHändel und seine Zeitgenossen:$ceine biographische Enzyklopädie
=260  \\$aLaaber$bLaaber$c2008
=300  \\$a2 volumes (1125 pages)$billustrations (some color), facsimiles, music, portraits$c26 cm
=504  \\$aIncludes bibliographical references.
=505  1\$aBd 1.  Händel und seine Zeitgenossen : eine biographische Enzyklopädie / von Hans Joachim Marx (2 T.)
=600  \0$aHandel, George Frideric$d1685-1759$1http://www.wikidata.org/entity/Q7302$94765
=648  \0$a17th Century (1601-1700)$1http://www.wikidata.org/entity/Q7016$920923
=648  \0$a18th Century (1701-1800)$1http://www.wikidata.org/entity/Q7015$920899
=650  \0$aComposer$1http://www.wikidata.org/entity/Q36834$93625
=650  \0$aBiography$1http://www.wikidata.org/entity/Q36279$91927
=650  \0$aMusic history$1http://www.wikidata.org/entity/Q846047$921373
=651  \0$aHalle (Saale, Germany)$1http://www.wikidata.org/entity/Q2814$921799
=651  \0$aItaly$1http://www.wikidata.org/entity/Q38$922
=651  \0$aLondon (United Kingdom)$1http://www.wikidata.org/entity/Q84$9123
=942  \\$cBOO
=952  \\$00$10$2ddc$3Teilband I$40$6BIO_HAND_D$70$8BIO$99359$aORPH$bORPH$cKTS1_P$d2020-07-08$eKoopman$i43A03-I$l0$oBIO HAND d$p20127278$r2021-01-12 00:00:00$w2021-01-12$yBOO$OKoopman
=952  \\$00$10$2ddc$40$6BIO_HAND_D$70$8BIO$99360$aORPH$bORPH$cKTS1_P$d2020-07-08$eKoopman$i43A03-II$oBIO HAND d$p20127277$r2021-01-12 00:00:00$w2021-01-12$yBOO$OKoopman
=999  \\$d9370

