=LDR  01311nam a2200277 a 4500
=001  9371
=005  20250120115921.0
=008  830813s1982\\\\gw\ag\\\\b\\\\001\0ager\\
=020  \\$a3921029880
=040  \\$aOI
=100  1\$aMattheson, Johann,$d1681-1764.
=240  10$aGrundlage einer Ehren-Pforte.$kSelections
=245  10$aJohann Mattheson (1681-1764) :$bLebensbeschreibung des Hamburger Musikers, Schriftstellers und Diplomaten : nach der "Grundlage einer Ehrenpforte" und den handschriftlichen Nachträgen des Verfassers /$cherausgegeben und kommentiert von Hans Joachim Marx.
=260  \\$aHamburg :$bVerlag der Musikalienhandlung K.D. Wagner,$cc1982.
=300  \\$a171 p. :$b15 ill., music ;$c21 cm. 
=504  \\$aBibliography of J. Mattheson's works: p. 127-132.
=504  \\$aBibliography: p. 161-163.
=500  \\$aIncludes index.
=600  10$aMattheson, Johann,$d1681-1764.
=650  \0$aMusicians$zGermany$xBiography.
=700  1\$aMarx, Hans Joachim,$d1935-
=952  \\$00$10$2ddc$40$6BIO_MATT_D$70$8BIO$99361$aORPH$bORPH$cKTS1_P$d2020-07-08$eKoopman$i43A20$oBIO MATT d$p20127261$r2021-01-12 00:00:00$w2021-01-12$yBOO$OKoopman
=999  \\$c9371$d9371
=651  \0$aGermany$1http://www.wikidata.org/entity/Q183$9155
=650  \0$aBiography$1http://www.wikidata.org/entity/Q36279$91927
=942  \\$cBOO

