=LDR  01311aam a2200217   4500
=001  9372
=008  230329s2003\\\\||||||||\||||\00|\0dita\d
=041  \\$aita
=100  \\$aMaschio, R.$912640$4aut
=245  \\$aCasa Barbarella, poi Marta, Zabottini, Trevisan, Pellizzari, ora Comune di Castelfranco Veneto, detta "di Giorgione" (sec. XIV-XVI, ristrutturata nel sec. XIX e nel 2002-2003).$bGiorgione (attribuito), Il "Fregio della Arti Liberali e Meccaniche" (inizi sec. XVI)
=260  \\$aCastelfranco Veneto (Treviso)$bCasa di Giorgione$c2003
=600  \0$aGiorgione$d1477/78-1510$1http://www.wikidata.org/entity/Q8459$910982
=648  \0$aMiddle Ages (500-1400)$1http://www.wikidata.org/entity/Q12554$920964
=648  \0$aRenaissance (1400-1600)$1http://www.wikidata.org/entity/Q4692$920965
=648  \0$a19th Century (1801-1900)$1http://www.wikidata.org/entity/Q6955$920935
=650  \0$aArchitecture$1http://www.wikidata.org/entity/Q12271$93185
=650  \0$aConservation and restoration$1http://www.wikidata.org/entity/Q217102$922845
=651  \0$aCastelfranco Veneto (Italy)$1http://www.wikidata.org/entity/Q29352$925969
=942  \\$cBOO
=952  \\$00$10$2ddc$40$6TOP_IT_CAS$70$8TOP$99362$aORPH$bORPH$cKTS0$d2020-07-08$eKoopman$l0$oTOP IT.CAS$p20130305$r2021-01-12 00:00:00$w2021-01-12$yBOO$OKoopman
=999  \\$d9372

