=LDR  01060cam a2200241 a 4500
=001  9386
=005  20250120120048.0
=008  000327s1999\\\\fr\ah\\\\b\\\\001\0\fre\d
=020  \\$a2853570061
=040  \\$aEYM$cEYM$dTZT$dGZM$dDLC
=041  \\$afre
=100  \\$aMassip, Catherine$4aut$919701
=245  12$aL'Art de bien chanter :$bMichel Lambert, 1610-1696
=260  \\$aParis$bSociété Française de Musicologie$c1999
=300  \\$a414 p. :$bill., facsims. ;$c24 cm.
=490  \\$aPublications de la Société française de musicologie$v6
=504  \\$aIncludes bibliographical references (p. 353-382) and indexes.
=600  \0$aLambert, Michel$d1610-1696$1http://www.wikidata.org/entity/Q1551607$912645
=648  \0$a17th Century (1601-1700)$1http://www.wikidata.org/entity/Q7016$920923
=942  \\$cBOO
=952  \\$00$10$2ddc$40$6BIO_LAMB_D$70$8BIO$99376$aORPH$bORPH$cKTS1_P$d2020-07-08$eKoopman$i35C25$l0$oBIO LAMB d$p20120736$r2021-01-12 00:00:00$w2021-01-12$yBOO
=999  \\$c9386$d9386
=650  \0$aMusic history$1http://www.wikidata.org/entity/Q846047$921373

