=LDR  00369    a2200109   4500
=001  9387
=100  \\$aMassip, Catherine$919701
=245  \\$aLalande et ses contemporains
=260  \\$c2008
=942  \\$cBOO
=952  \\$00$10$2ddc$40$6BIO_LALA_E$70$8BIO$99377$aORPH$bORPH$cKTS1_P$d2020-07-08$eKoopman$i44B29$oBIO LALA e$p20126684$r2021-01-12 00:00:00$w2021-01-12$yBOO$OKoopman
=999  \\$c9387$d9387

