=LDR  00943    a2200229   4500
=001  9389
=008  210927s1985\\\\fr\a||||\||||\00|\0\fre\d
=041  \\$afre
=245  \\$aLes Instruments de Musique en Céramique
=260  \\$c1985$aFrance
=300  \\$a127 pages
=500  \\$aNo publisher added
=561  \\$aEx Libris Ton Koopman
=648  \0$a18th Century (1701-1800)$1http://www.wikidata.org/entity/Q7015$920899
=648  \0$a19th Century (1801-1900)$1http://www.wikidata.org/entity/Q6955$920935
=650  \0$aOrganology$1http://www.wikidata.org/entity/Q899293$921400
=650  \0$aOrganology$1http://www.wikidata.org/entity/Q899293$921400
=651  \0$aBilhac (France)$1http://www.wikidata.org/entity/Q178590$921030
=700  \\$4cur$aMasson, Claude-Armand$912649
=942  \\$cBOO
=952  \\$00$10$2ddc$40$6INS_1B$70$8INS$99379$aORPH$bORPH$cKTS0$d2020-07-08$eKoopman$i24F35$oINS1b$p20125850$r2021-01-12 00:00:00$w2021-01-12$yBOO
=999  \\$d9389

