=LDR  01044    a2200241   4500
=001  9390
=008  211122s2004\\\\\\\a|||b\||||\00|\j\dut\d
=020  \\$a9789077455272
=041  \\$adut
=245  \\$aIk heb een muziekje in mijn hoofd
=250  \\$a2nd ed.
=260  \\$a[Bussum]$bPereboom$bAntoine Marchand$c2004
=300  \\$a55 pages$bills.$e2-CD
=520  \\$aBas gaat op zoek naar het melodietje dat hij in zijn hoofd heeft. Speelse inleiding in de klassieke muziek met muziekfragmenten op de bijbehorende CD.
=650  \0$aChild$1http://www.wikidata.org/entity/Q7569$92175
=650  \0$aLiterature$1http://www.wikidata.org/entity/Q8242$94439
=700  \\$4aut$aMathot, Leonie$912650
=700  \\$4aut$aRijk, Jolande$913557
=700  \\$4ill$aSnels, Jannemie$923002
=700  \\$4cnd$aKoopman, Ton$d1944-$1http://www.wikidata.org/entity/Q445121$910491
=942  \\$cBOO
=952  \\$00$10$2ddc$40$6LIT_MATH_A$70$8LIT$99380$aORPH$bORPH$cKM12_2_H$d2020-07-08$eKoopman$i43G39$oLIT MATH a$p20126762$r2021-01-12 00:00:00$w2021-01-12$yBOO
=999  \\$d9390

