=LDR  00359    a2200109   4500
=001  9393
=100  \\$aMatteucci, A. M.$912652
=245  \\$aBernardo Strozzi
=260  \\$c1966
=942  \\$cBOO
=952  \\$00$10$2ddc$40$6BIO_STRO_A$70$8BIO$99383$aORPH$bORPH$cKTS1_P$d2020-07-08$eKoopman$i25F20$l0$oBIO STRO a$p20129412$r2021-01-12 00:00:00$w2021-01-12$yBOO$OKoopman
=999  \\$c9393$d9393

