=LDR  01514aam a2200289   4500
=001  9394
=008  230529s1941\\\\||||||||\||||\00|\0\ger\d
=041  \\$ager
=100  \\$aMatthaei, K.$912653$4aut
=245  \\$aDie Baugeschichte der Stadtkirchenorgel in Winterthur
=260  \\$aWinterthur$bMusikkollegium$c1941
=300  \\$a36 pages + plates
=561  \\$aEx libris Dr. H. Fehlmann, Winterthur (stamp on titlepage)
=600  \0$aRiepp, Karl Joseph$d1710-1775$924016
=600  10$aClicquot, François-Henri$d1732-1790$925808
=600  \0$1http://www.wikidata.org/entity/Q386106$aBalbastre, Claude$d1724-1799$96658
=600  \0$1http://www.wikidata.org/entity/Q928760$aDom Bédos de Celles$d1709-1779$95880
=610  \0$1http://www.wikidata.org/entity/Q2327489$aStadtkirche Winterthur (Switzerland)$926270
=610  \0$1http://www.wikidata.org/entity/Q652382$aReichsabtei Salem (Linzgau, Germany)$926271
=648  \0$1http://www.wikidata.org/entity/Q12554$aMiddle Ages (500-1400)$920964
=648  \0$1http://www.wikidata.org/entity/Q7015$a18th Century (1701-1800)$920899
=650  \0$1http://www.wikidata.org/entity/Q1444$aOrgan$92810
=650  \0$1http://www.wikidata.org/entity/Q16970$aChurch$93776
=651  \0$1http://www.wikidata.org/entity/Q9125$aWinterthur (Switzerland)$926142
=942  \\$cBOO
=952  \\$00$10$2ddc$40$6INS_3_000000000000000_1E_CH_WIN$70$8INS$99384$aORPH$bORPH$cKTS0$d2020-07-08$eKoopman$i21F65$l0$oINS3.1e CH.WIN$p20125511$r2021-01-12 00:00:00$w2021-01-12$yBOO$OKoopman
=999  \\$d9394

