=LDR  01207cam a2200277 a 4500
=001  9395
=005  20250121142124.0
=008  810805s1980\\\\ne\a\\\\\b\\\\001\0bdut\\
=015  \\$aNe***
=020  \\$a9063880618 :$cfl 35.00
=040  \\$aOI
=041  \\$adut
=100  \\$aMattheij, Th. M. M.$4aut$912654
=245  10$aWaardering en kritiek:$bJohannes Nomsz en de Amsterdamse Schouwburg 1764-1810
=260  \\$aAmsterdam$bHuis aan de Drie Grachten$c1980
=300  \\$a137, [51] p. :$bill. ;$c22 cm.
=504  \\$aBibliography: p. [40]-[47] (2nd group)
=600  \0$aNomsz, Johannes$d1738-1803$1http://www.wikidata.org/entity/Q56199292$912655
=610  \0$aStadsschouwburg Amsterdam (Netherlands)$1http://www.wikidata.org/entity/Q1817103$921020
=648  \0$a18th Century (1701-1800)$1http://www.wikidata.org/entity/Q7015$920899
=650  \0$aWriter$1http://www.wikidata.org/entity/Q36180$93885
=650  \0$aBiography$1http://www.wikidata.org/entity/Q36279$91927
=651  \0$aAmsterdam (Netherlands)$9189
=942  \\$cBOO
=952  \\$00$10$2ddc$40$6BIO_NOMS_D$70$8BIO$99385$aORPH$bORPH$cKTS1_P$d2020-07-08$eKoopman$i20B23$l0$oBIO NOMS d$p20127981$r2021-01-12 00:00:00$w2021-01-12$yBOO
=999  \\$c9395$d9395

