=LDR  01110nam a22002415a 4500
=001  9400
=005  20250926134855.0
=008  961009s1996\\\\gw\\\\\\\\\\\\000\0\ger\\
=015  \\$aGFR96,A14,1707
=020  \\$a3761812728 :$cDM98.00
=020  \\$cISMN M-006-31593-2 kart. : DM 98.00
=040  \\$aOI
=100  \\$aMatyl, Ulrich$912663
=245  14$aDie Choralbearbeitungen der Schüler Johann Sebastian Bachs /$cvon Ulrich Matyl.
=260  \\$aKassel ;$aBasel ;$aLondon ;$aNew York ;$aPrag :$bBärenreiter,$c1996.
=300  \\$a477 p. :$bNoten ;$c21 cm.
=490  0\$aVeröffentlichungen der Orgelwissenschaftlichen Forschungsstelle im Musikwissenschaftlichen Seminar der Westfälischen Wilhelms-Universität Münster ;$vNr. 18
=502  \\$aZugl.: Münster (Westfalen), Univ., Diss., 1995.
=600  \0$aBach, Johann Sebastian$d1685-1750$1http://www.wikidata.org/entity/Q1339$94766
=886  2\$2unimgw$a686$b  $a48
=942  \\$cBOO
=952  \\$00$10$2ddc$40$6BIO_BACH1_E$70$8BIO$99390$aORPH$bORPH$cKTS1_P$d2020-07-08$eKoopman$i28B49$oBIO BACH1 e$p20121457$r2021-01-12 00:00:00$w2021-01-12$yBOO
=999  \\$c9400$d9400

