=LDR  01443cam a2200277 a 4500
=001  9405
=008  121102s2012\\\\gw\af\\\\b\\\\001\0dger\d
=041  \\$ager
=100  \\$aMaul, Michael$d1978-$1http://www.wikidata.org/entity/Q15055120$912666
=245  10$a"Dero berühmbter Chor".$bDie Leipziger Thomasschule und ihre Kantoren (1212-1804)
=260  \\$aLeipzig$bLehmstedt$c2012
=300  \\$a434-[64] pages
=504  \\$aIncludes bibliographical references (p. 354-375) and index.
=610  \0$aThomasschule (Leipzig, Germany)$1http://www.wikidata.org/entity/Q699668$91465
=610  20$aThomanerchor Leipzig (Germany)$1http://www.wikidata.org/entity/Q699313$926243
=650  \0$aMusic education$1http://www.wikidata.org/entity/Q27908$921766
=650  \0$aChoir$1http://www.wikidata.org/entity/Q131186$93338
=650  \0$aChurch music$1http://www.wikidata.org/entity/Q8812109$92283
=650  \0$aCantor$1http://www.wikidata.org/entity/Q330679$923204
=650  \0$aBiography$1http://www.wikidata.org/entity/Q36279$91927
=650  \0$aBoys' Choir$1http://www.wikidata.org/entity/Q1776834$940080
=650  \0$aMusic history$1http://www.wikidata.org/entity/Q846047$921373
=651  \0$aLeipzig (Germany)$1http://www.wikidata.org/entity/Q2079$945
=942  \\$cBOO
=952  \\$00$10$2ddc$40$6TOP_DE_LEI$70$8TOP$99395$aORPH$bORPH$cKTS0$d2020-07-08$eKoopman$i43A21$l0$oTOP DE.LEI$p20127260$r2021-01-12 00:00:00$w2021-01-12$yBOO$OKoopman
=999  \\$d9405

