=LDR  01091cam a22002654a 4500
=001  9408
=003  OSt
=005  20250901113608.0
=008  040402s2004\\\\enka\\\\\b\\\\001\0\eng\\
=020  \\$a184383071X (hardback : alk. paper)
=040  \\$aOI
=041  \\$aeng
=100  \\$aMaunder, Richard$d1937-2018$4aut$920101
=245  14$aThe Scoring of Baroque Concertos
=260  \\$aWoodbridge, Suffolk$bBoydell$c2004
=300  \\$avii-287 pages$billustrations$c25 cm
=504  \\$aIncludes bibliographical references (p. [265]-271) and indexes.
=505  0\$a1685-1725 -- 1725-50.
=648  \0$a17th Century (1601-1700)$1http://www.wikidata.org/entity/Q7016$920923
=648  \0$a18th Century (1701-1800)$1http://www.wikidata.org/entity/Q7015$920899
=650  \0$aConcerto$1http://www.wikidata.org/entity/Q9748$921817
=650  \0$aOrchestration$1http://www.wikidata.org/entity/Q3367000$921045
=942  \\$cBOO
=952  \\$00$10$2ddc$40$6GEN_13_000000000000000$70$8GEN$99398$aORPH$bORPH$cKM12_1$d2020-07-08$eKoopman$i35E01$l0$oGEN13$p20122512$r2021-01-12 00:00:00$w2021-01-12$yBOO
=999  \\$d9408

