=LDR  01145cam a22002537a 4500
=001  9409
=005  20250120120622.0
=008  060504s2003\\\\gw\a\\\\\bc\\\000\0\ger\d
=020  \\$a3980733181 (pbk.)
=040  \\$aOI
=041  \\$ager
=245  10$aEuropäische Meisterzeichnungen aus der Sammlung der Fürsten zu Waldburg-Wolfegg
=260  \\$aRavensburg$bStädtische Galerie Ravensburg$c2003
=300  \\$a221 pages$billustrations (chiefly color)$c28 cm
=500  \\$aCatalog of an exhibition held at the Städtische Galerie Ravensburg, June 29-Sept. 14, 2003.
=504  \\$aIncludes bibliographical references (p. 216-220).
=610  \0$aWaldburg-Wolfegg family$1http://www.wikidata.org/entity/Q882674$925003
=650  \0$aFine art$1http://www.wikidata.org/entity/Q219625$921579
=651  \0$aBaden-Württemberg (Germany)$1http://www.wikidata.org/entity/Q985$922802
=700  \\$aMayer, Bernd M.$4edt$925001
=700  \\$aFalk, Tilman$4edt$925002
=942  \\$cBOO
=952  \\$00$10$2ddc$40$6VIS_MAYE$70$8VIS$99399$aORPH$bORPH$cKTS1_H$d2020-07-08$eKoopman$i33B06$l0$oVIS MAYE$p20122777$r2021-01-12 00:00:00$w2021-01-12$yBOO$OKoopman
=999  \\$d9409

