=LDR  00701    a2200193   4500
=001  9410
=008  220131s1956\\\\-ukabhf|\||||\00|\0\eng\d
=041  \\$aeng
=100  \\$aMayes, Stanley$4aut$912669
=245  \\$aAn Organ for the Sultan
=260  \\$c1956$aLondon$bPutnam
=300  \\$a272 pages
=336  \\$aprinted
=648  \0$aPast$1http://www.wikidata.org/entity/Q192630$922196
=650  \0$aOrgan$1http://www.wikidata.org/entity/Q1444$92810
=650  \0$aHistory$1http://www.wikidata.org/entity/Q309$921403
=942  \\$cBOO
=952  \\$00$10$2ddc$40$6INS_3_000000000000000_1A$70$8INS$99400$aORPH$bORPH$cKTS0$d2020-07-08$eKoopman$i22D34$oINS3.1a$p20128443$r2021-01-12 00:00:00$w2021-01-12$yBOO
=999  \\$d9410

