=LDR  00941cam a2200217 a 4500
=001  9411
=008  020222s2000\\\\gw\af\\\\b\\\\001\0bger\c
=041  \\$ager
=100  \\$aMayr, Johannes$d1763-1845$4aut$912670
=245  10$aJoseph Gabler, Orgelmacher
=250  \\$a1st ed.
=260  \\$aBiberach$bBiberacher Verlagsdruckerei$c2000
=300  \\$a447 pages$billustrations (chiefly color)$c30 cm
=504  \\$aIncludes bibliographical references (p. 426-433) and indexes.
=600  \0$aGabler, Joseph$d1700-1771$912671
=648  \0$a18th Century (1701-1800)$1http://www.wikidata.org/entity/Q7015$920899
=650  \0$aOrgan$1http://www.wikidata.org/entity/Q1444$92810
=651  \0$aGermany$1http://www.wikidata.org/entity/Q183$9155
=942  \\$cBOO
=952  \\$00$10$2ddc$40$6INS_3_000000000000000_1B_GABL$70$8INS$99401$aORPH$bORPH$cKTS0$d2020-07-08$eKoopman$i31B35$l0$oINS3.1b GABL$p20121094$r2021-01-12 00:00:00$w2021-01-12$yBOO$OKoopman
=999  \\$d9411

