=LDR  00360    a2200109   4500
=001  9412
=100  \\$aMayr, R. I.$912672
=245  \\$aAntithesis Mortualis
=260  \\$c1989
=942  \\$cBOO
=952  \\$00$10$2ddc$40$6BIO_MAYR_D$70$8BIO$99402$aORPH$bORPH$cKTS1_P$d2020-07-08$eKoopman$i30C06.b$l0$oBIO MAYR d$p20121239$r2021-01-12 00:00:00$w2021-01-12$yBOO$OKoopman
=999  \\$c9412$d9412

