=LDR  01766pam a2200289 a 4500
=001  9415
=005  20251031152142.0
=008  910502s1991\\\\iluaco\\\b\\\\001\0\eng\\
=020  \\$a0226555836
=040  \\$aOI
=041  \\$aeng
=100  \\$aMcCarthy, Kathleen D.$912675$4aut
=245  10$aWomen's Culture:$bAmerican Philanthropy and Art, 1830-1930
=260  \\$aChicago$bUniversity of Chicago Press$c1991
=300  \\$axvii-324 pages
=504  \\$aIncludes bibliographical references (p. 281-308) and index.
=505  \\$gList of Illustrations -- Preface -- Acknowledgments -- Part One - Separatist Strategies: 1. Culture and Gender in Antebellum America -- 2. Candace Wheeler and the Decorative Arts Movement -- 3. Separatism and Entrepreneurship -- Part Two - Assimilationists: 4. Artists and Mentors -- 5. Museums and Marginalization -- Part Three - Individualists: 6. Isabella Stewart Gardner and Fenway Court -- 7. Women and the Avant-Garde -- 8. Gertrude Vanderbilt Whitney: From Studio to Museum -- Notes -- Bibliography -- Index
=648  \0$a19th Century (1801-1900)$1http://www.wikidata.org/entity/Q6955$920935
=648  \0$a20th Century (1901-2000)$1http://www.wikidata.org/entity/Q6927$920936
=650  \0$aCultural history$1http://www.wikidata.org/entity/Q858517$922395
=650  \0$aFeminism$1http://www.wikidata.org/entity/Q7252$921809
=650  \0$aPatronage$1http://www.wikidata.org/entity/Q214092$94245
=650  \0$aCollecting$1http://www.wikidata.org/entity/Q208165$92117
=651  \0$aUSA$1http://www.wikidata.org/entity/Q30$943
=942  \\$cBOO
=952  \\$00$10$2ddc$40$6TOP_US_6_000000000000000$70$8TOP$99405$aORPH$bORPH$cKTS0$d2020-07-08$eKoopman$i45A19$l0$oTOP US 6$p20127429$r2021-01-12 00:00:00$w2021-01-12$yBOO$OKoopman
=999  \\$d9415

