=LDR  01843aam a2200241   4500
=001  9416
=008  250210s1963\\\\|||a||||\b|||\001\0\fre\d
=041  \\$afre
=100  \\$aMcGowan, Margaret M.$d1931-2022$1http://www.wikidata.org/entity/Q6759663$916023$4aut
=245  \\$aL'Art du ballet de cour en France, 1581-1643
=260  \\$aParis$bCNRS$c1963
=300  \\$a351 pages$b23 plates
=520  \\$aMargaret M. McGowan (born 1931) is a noted dance historian and historian of early modern France. Her work is primarily focused on the late Renaissance and the n-de-siècle period at the end of the nineteenth century. She did her dissertation at the Warburg Institute of the University of London under the supervision of Frances Yates, published subsequently as L'art du Ballet de Cour en France, 15811643. In addition to nearly a dozen books she has published over eighty articles and book chapters. McGowan is one of the first scholars to focus on the history of dance in the early modern period and served as Assistant Editor for the journal Dance Research for several decades, helping to shape the field of early dance.
=648  \0$a16th Century (1501-1600)$1http://www.wikidata.org/entity/Q7017$920944
=648  \0$a17th Century (1601-1700)$1http://www.wikidata.org/entity/Q7016$920923
=650  \0$aBallet$1http://www.wikidata.org/entity/Q41425$94412
=650  \0$aCourt$1http://www.wikidata.org/entity/Q1134237$922191
=650  \0$aIconography$1http://www.wikidata.org/entity/Q208145$921259
=650  \0$aHistory of dance$1http://www.wikidata.org/entity/Q27730$939407
=651  \0$aFrance$1http://www.wikidata.org/entity/Q142$9131
=942  \\$cBOO
=952  \\$00$10$2ddc$40$6TOP_FR_4_000000000000000$70$8TOP$99406$aORPH$bORPH$cKTS0$d2020-07-08$eKoopman$i20B38$l0$oTOP FR 4$p20127966$r2021-01-12 00:00:00$w2021-01-12$yBOO$OKoopman
=999  \\$d9416

