=LDR  01641cam a2200277 a 4500
=001  9417
=005  20250120115904.0
=008  900418s1988\\\\ne\a\\\\\bc\\f000\0\eng\\
=020  \\$a9012058147
=040  \\$aOI
=110  \\$aRijksmuseum (Amsterdam, Netherlands)$1http://www.wikidata.org/entity/Q190804$91244
=245  10$aDrawings from the Ter Borch Studio Estate /$cAlison McNeil Kettering.
=260  \\$a's-Gravenhage :$bStaatsuitgeverij,$c1988.
=300  \\$a2 v. (xxxiii, 895 p.) :$bill. (some col.) ;$c29 cm.
=490  1\$aCatalogue of the Dutch and Flemish drawings in the Rijksprentenkabinet, Rijksmuseum, Amsterdam ;$vv. 5, pt. 1-2 =$aCatalogus van de Nederlandse tekeningen in het Rijksprentenkabinet, Rijksmuseum, Amsterdam ;$vd. 5, bd. 1-2
=504  \\$aIncludes bibliographical references (p. 803-809).
=610  \0$aRijksmuseum (Amsterdam, Netherlands)$1http://www.wikidata.org/entity/Q190804$91244
=648  \0$a17th Century (1601-1700)$1http://www.wikidata.org/entity/Q7016$920923
=650  \0$aFine art$1http://www.wikidata.org/entity/Q219625$921579
=651  \0$aNetherlands$1http://www.wikidata.org/entity/Q55$9173
=651  \0$aFlanders (Belgium)$1http://www.wikidata.org/entity/Q234$989
=700  \\$aKettering, Alison McNeil,$d-1943$912677
=942  \\$cBOO
=952  \\$00$10$2ddc$40$6BIO_TERB1_E$70$8BIO$99407$aORPH$bORPH$cKTS1_P$d2020-07-08$eKoopman$i46B20-1$l0$oBIO TERB1 e$p20127601$r2021-01-12 00:00:00$w2021-01-12$yBOO$OKoopman
=952  \\$00$10$2ddc$40$6BIO_TERB1_E$70$8BIO$99408$aORPH$bORPH$cKTS1_P$d2020-07-08$eKoopman$i46B30-2$oBIO TERB1 e$p20127600$r2021-01-12 00:00:00$w2021-01-12$yBOO$OKoopman
=999  \\$d9417

