=LDR  01054pam a2200241 a 4500
=001  9419
=005  20250929112048.0
=008  920731s1993\\\\enkabd\\\b\\\\001\0\eng\\
=020  \\$a0521413532 (hardback)
=040  \\$aOI
=041  \\$aeng
=100  \\$aMcVeigh, Simon$912678$4aut
=245  10$aConcert Life in London from Mozart to Haydn
=260  \\$aCambridge$aNew York, NY$bCambridge University Press$c1993
=300  \\$axxi-300 pages$billustrations, map
=504  \\$aIncludes bibliographical references (p. 274-286) and index.
=648  \0$a18th Century (1701-1800)$1http://www.wikidata.org/entity/Q7015$920899
=650  \0$aMusic history$1http://www.wikidata.org/entity/Q846047$921373
=650  \0$aConcert$1http://www.wikidata.org/entity/Q182832$921044
=651  \0$aLondon (United Kingdom)$1http://www.wikidata.org/entity/Q84$9123
=942  \\$cBOO
=952  \\$00$10$2ddc$40$6TOP_GB_LON_5_000000000000000$70$8TOP$99409$aORPH$bORPH$cKTS0$d2020-07-08$eKoopman$i33F17$l0$oTOP GB.LON 5$p20120901$r2021-01-12 00:00:00$w2021-01-12$yBOO$OKoopman
=999  \\$d9419

