=LDR  00594aam a2200157   4500
=001  9420
=008  250903s1985\\\\||||||||\||||\00|\0\por\d
=041  \\$apor
=100  \\$aMeco, J.$912679$4aut
=245  \\$aAzulejaria Portuguesa
=260  \\$aLisbon$bBertrand Editoria$c1985
=650  \0$aPorcelain$1http://www.wikidata.org/entity/Q130693$924926
=651  \0$aLisbon (Portugal)$1http://www.wikidata.org/entity/Q597$9249
=942  \\$cBOO
=952  \\$00$10$2ddc$40$6TOP_PT$70$8TOP$99410$aORPH$bORPH$cKTS0$d2020-07-08$eKoopman$i46G06$l0$oTOP PT$p20127010$r2021-01-12 00:00:00$w2021-01-12$yBOO$OKoopman
=999  \\$d9420

