=LDR  00450    a2200109   4500
=001  9421
=100  \\$aMedici, Cosimo I de'$cGrand-Duke of Tuscany$d1519-1574$1http://www.wikidata.org/entity/Q48544$912680
=245  \\$aDe twee reizen van Cosimo de' Med
=260  \\$c1919
=942  \\$cBOO
=952  \\$00$10$2ddc$40$6BIO_COSI_B$70$8BIO$99411$aORPH$bORPH$cKTS1_P$d2020-07-08$eKoopman$i23D16$oBIO COSI b$p20128603$r2021-01-12 00:00:00$w2021-01-12$yBOO$OKoopman
=999  \\$c9421$d9421

