=LDR  01192    a2200253   4500
=001  9422
=005  20251003085457.0
=008  211007t1982\\\\it\f||||\||||\00|\0\ita\d
=041  \\$aita
=245  \\$aCatalogo degli strumenti musicali dell'Accademia Filarmonica di Verona
=260  \\$aVerona$bAccademia Filarmonica di Verona$c1982
=300  \\$a146 pages
=648  \0$a16th Century (1501-1600)$1http://www.wikidata.org/entity/Q7017$920944
=648  \0$a18th Century (1701-1800)$1http://www.wikidata.org/entity/Q7015$920899
=648  \0$a17th Century (1601-1700)$1http://www.wikidata.org/entity/Q7016$920923
=648  \0$a19th Century (1801-1900)$1http://www.wikidata.org/entity/Q6955$920935
=650  \0$aOrganology$1http://www.wikidata.org/entity/Q899293$921400
=650  \0$aCatalogue$1http://www.wikidata.org/entity/Q2352616$921484
=651  \0$aVerona (Italy)$1http://www.wikidata.org/entity/Q2028$921086
=700  \\$4aut$aMeer, John Henry van der$912682
=700  \\$4aut$aWeber, Rainer$922441
=942  \\$cBOO
=952  \\$00$10$2ddc$40$6INS_1B_IT_VER1$70$8INS$99412$aORPH$bORPH$cKTS0$d2020-07-08$eKoopman$i34A10$oINS1b IT.VER1$p20122652$r2021-01-12 00:00:00$w2021-01-12$yBOO
=999  \\$d9422

