=LDR  01221    a2200265   4500
=001  9423
=005  20251003085457.0
=008  211005b\\\\\\\\gw\f||||\||||\00|\0\ger\d
=041  \\$ager
=245  \\$aWegweiser durch die Sammlung historischer Musikinstrumente
=260  \\$c1970$aNuremberg
=300  \\$a84 pages
=561  \\$aEx Libris Ton Koopman
=648  \0$a16th Century (1501-1600)$1http://www.wikidata.org/entity/Q7017$920944
=648  \0$a17th Century (1601-1700)$1http://www.wikidata.org/entity/Q7016$920923
=648  \0$a18th Century (1701-1800)$1http://www.wikidata.org/entity/Q7015$920899
=648  \0$a19th Century (1801-1900)$1http://www.wikidata.org/entity/Q6955$920935
=648  \0$a20th Century (1901-2000)$1http://www.wikidata.org/entity/Q6927$920936
=650  \0$aCatalogue$1http://www.wikidata.org/entity/Q2352616$921484
=650  \0$aOrganology$1http://www.wikidata.org/entity/Q899293$921400
=651  \0$aGermany$1http://www.wikidata.org/entity/Q183$9155
=700  \\$4aut$aMeer, John Henry van der$912682
=942  \\$cBOO
=952  \\$00$10$2ddc$40$6INS_1B_DE_NUR1$70$8INS$99413$aORPH$bORPH$cKTS0$d2020-07-08$eKoopman$i34A31$oINS1b DE.NUR1$p20122632$r2021-01-12 00:00:00$w2021-01-12$yBOO
=999  \\$d9423

