=LDR  01093    a2200229   4500
=001  9424
=008  230615s1945\\\\it\f||||\||||\00|\0\ita\d
=041  \\$aita
=100  \\$aMeer, John Henry van der$1http://www.wikidata.org/entity/Q1700442$4aut$912682
=245  \\$aMetodi di storiografia del Cembalo
=260  \\$c1995$aBologna$bPatron Editore
=300  \\$a22 pages
=561  \\$aEx libris Gustav Leonhardt
=590  \\$aOffprint of : Musicus Perfectus. Studi in onore di Luigi Ferdinando Tagliavini "Prattico & Specolativo" nella ricorrenza del LXV compleanno
=650  \0$1http://www.wikidata.org/entity/Q81982$aHarpsichord$92125
=650  \0$aHistoriography$1http://www.wikidata.org/entity/Q50675$921801
=650  \0$1http://www.wikidata.org/entity/Q52954$aKeyboard instrument$92849
=651  \0$1http://www.wikidata.org/entity/Q38$aItaly$922
=700  \\$4edt$aPellizzari, Pio$915103
=942  \\$cBOO
=952  \\$00$10$2ddc$40$6INS_3_000000000000000_2A$70$8INS$99414$aORPH$bORPH$cKTS0$d2020-07-08$eKoopman$i19F12$l0$oINS3.2a$p20125259$r2021-01-12 00:00:00$w2021-01-12$yBOO$OKoopman
=999  \\$d9424

