=LDR  01403cam a22002531  4500
=001  9425
=005  20250120120048.0
=008  750418s1961\\\\ne\\\\\\\b\\\\001\0dger\\
=040  \\$aOI
=041  \\$ager
=100  \\$aMeer, John Henry van der$4aut$912682
=245  10$aJohann Josef Fux als Opernkomponist /$cJ. H. van der Meer.
=260  \\$aBilthoven :$bA. B. Creyghton,$c1961.
=300  \\$a4 v. in 3. ;$c25 cm.
=490  0\$aUtrechtse bijdragen tot de muziekwetenschap,$v2
=504  \\$aBibliography: v. 2, p. 255-264.
=505  0\$av. 1-2. Leben und Werk.  Die einzelnen Opern.--v. 3. Die Opern im allgemeinen.--[v. 4] Notenbeispiele.
=600  10$aFux, Johann Joseph,$d1660-1741
=942  \\$cBOO
=952  \\$00$10$2ddc$40$6BIO_FUX_E$70$8BIO$99415$aORPH$bORPH$cKTS1_P$d2020-07-08$eKoopman$i32B33$oBIO FUX e$p20122933$r2021-01-12 00:00:00$w2021-01-12$yBOO$OKoopman
=952  \\$00$10$2ddc$3vols. 1+2$40$6BIO_FUX_E$70$8BIO$99416$aORPH$bORPH$cKTS1_P$d2020-07-08$eKoopman$i32E04-1+2$oBIO FUX e$p20122867$r2021-01-12 00:00:00$w2021-01-12$yBOO
=952  \\$00$10$2ddc$3vol. 3$40$6BIO_FUX_E$70$8BIO$99417$aORPH$bORPH$cKTS1_P$d2020-07-08$eKoopman$i32E04-3$oBIO FUX e$p20122866$r2021-01-12 00:00:00$w2021-01-12$yBOO
=952  \\$00$10$2ddc$3music examples$40$6BIO_FUX_E$70$8BIO$99418$aORPH$bORPH$cKTS1_P$d2020-07-08$eKoopman$i32E04-4$oBIO FUX e$p20122865$r2021-01-12 00:00:00$w2021-01-12$yBOO
=999  \\$c9425$d9425

