=LDR  01296cam a2200253 a 4500
=001  9429
=008  801023s1979\\\\gw\af\\\\bc\\\001\0\ger\\
=041  \\$ager
=245  10$aVerzeichnis der Europäischen Musikinstrumente im Germanischen Nationalmuseum Nürnberg.$bBand I: Hörner und Trompeten Membranophoe Idiophone
=260  \\$aWilhelmshaven$bHeinrichshofen$c1979
=300  \\$a137 pages
=490  \\$aQuellenkataloge zur Musikgeschichte
=504  \\$aIncludes bibliographical references, index, and a list of plates at the end
=561  \\$aEx Libris Ton Koopman
=648  \0$a16th Century (1501-1600)$1http://www.wikidata.org/entity/Q7017$920944
=648  \0$a17th Century (1601-1700)$1http://www.wikidata.org/entity/Q7016$920923
=648  \0$a18th Century (1701-1800)$1http://www.wikidata.org/entity/Q7015$920899
=648  \0$a19th Century (1801-1900)$1http://www.wikidata.org/entity/Q6955$920935
=650  \0$aOrganology$1http://www.wikidata.org/entity/Q899293$921400
=651  \0$aNuremberg (Germany)$1http://www.wikidata.org/entity/Q2090$921596
=700  \\$4aut$aMeer, John Henry van der$912682
=942  \\$cBOO
=952  \\$00$10$2ddc$40$6INS_1B_DE_NUR1$70$8INS$99419$aORPH$bORPH$cKTS0$d2020-07-08$eKoopman$i46B14$oINS1b DE.NUR1$p20127610$r2021-01-12 00:00:00$w2021-01-12$yBOO
=999  \\$d9429

