=LDR  01240    a2200253   4500
=001  9430
=005  20251003085457.0
=008  230913s1991\\\\gw\af|||\||||\00|\0\ger\d
=020  \\$a3922378110
=245  \\$aKielklaviere. Cembali, Spinette, Virginale
=260  \\$c1991$aBelin$bStaatliches Institut für Musikforschung Preußischer Kulturbesitz
=648  \0$1http://www.wikidata.org/entity/Q192630$aPast$922196
=650  \0$1http://www.wikidata.org/entity/Q2352616$aCatalogue$921484
=650  \0$1http://www.wikidata.org/entity/Q901207$aKeyboard$923503
=650  \0$1http://www.wikidata.org/entity/Q52954$aKeyboard instrument$92849
=650  \0$1http://www.wikidata.org/entity/Q922337$aVirginal$923762
=651  \0$1http://www.wikidata.org/entity/Q183$aGermany$9155
=700  \\$4edt$aElste, Martin$910734
=700  \\$4edt$aMeer, John Henry van der$912682
=700  \\$4edt$915379$aWagner, Günther
=710  \\$1http://www.wikidata.org/entity/Q2324586$aStaatliches Institut für Musikforschung (Berlin-Germany)$91300
=942  \\$cBOO
=952  \\$00$10$2ddc$40$6INS_3_000000000000000_2A_DE_BER$70$8INS$99420$aORPH$bORPH$cKTS0$d2020-07-08$eKoopman$i47B18$l0$oINS3.2a DE.BER$p20121495$r2021-01-12 00:00:00$w2021-01-12$yBOO$OKoopman
=999  \\$d9430

