=LDR  00900aam a2200181   4500
=001  9432
=008  230322b\\\\\\\\||||||||\m|||\00|\0\dut\d
=041  \\$adut
=100  \\$aMeertens, P. J.$4aut$912684
=245  \\$aLetterkundig leven in Zeeland in de zestiende en de eerste helft van de zeventiende eeuw
=260  \\$aAmsterdam$bNoord-Hollandsche Uitgevers Maatschappij$c1943
=648  \0$a16th Century (1501-1600)$1http://www.wikidata.org/entity/Q7017$920944
=648  \0$a17th Century (1601-1700)$1http://www.wikidata.org/entity/Q7016$920923
=650  \0$aLiterature$1http://www.wikidata.org/entity/Q8242$94439
=651  \0$aZeeland (Netherlands)$1http://www.wikidata.org/entity/Q705$922789
=942  \\$cBOO
=952  \\$00$10$2ddc$40$6TOP_NL_ZEE2_4_000000000000000$70$8TOP$99422$aORPH$bORPH$cKTS0$d2020-07-08$eKoopman$i30D01$l0$oTOP NL.ZEE2 4$p20121208$r2021-01-12 00:00:00$w2021-01-12$yBOO$OKoopman
=999  \\$d9432

