=LDR  01222aam a2200241   4500
=001  9434
=008  210920s2002\\\\\\\|||||\m|||\00|\0ddut\d
=041  \\$adut
=100  \\$aMeeuwissen, J. M.$4aut$912686
=245  \\$aHet album amicorum van Sophia van Renesse van der Aa (Huisarchief Twickel, Inventarisnummer 897):$bmet speciale aandacht voor de Nederlandse liederen. Doctoraalscriptie Nederlands
=260  \\$aGroningen$bRijksuniversiteit Groningen$c2002
=300  \\$a140 pages
=500  \\$aDoctoraalscriptie voor de studie Nederlandse taal en cultuur
=600  \0$aRenesse van der Aa, Sophia$dc. 1560-c. 1605$922239
=610  \0$aHuis Twickel (Delden, Netherlands)$922240
=648  \0$a16th Century (1501-1600)$1http://www.wikidata.org/entity/Q7017$920944
=650  \0$aAlbum amicorum$1http://www.wikidata.org/entity/Q14523803$927398
=650  \0$aFemale$1http://www.wikidata.org/entity/Q6581072$921764
=650  \0$aSong$1http://www.wikidata.org/entity/Q7366$94164
=651  \0$aNetherlands$1http://www.wikidata.org/entity/Q55$9173
=942  \\$cBOO
=952  \\$00$10$2ddc$40$6BIO_RENE_A$70$8BIO$99424$aORPH$bORPH$cKTS1_P$d2020-07-08$eKoopman$i34D03$oBIO RENE a$p20120869$r2021-01-12 00:00:00$w2021-01-12$yBOO
=999  \\$d9434

