=LDR  01248aam a2200253   4500
=001  9438
=008  231113s1979\\\\de\ag|||\||||\00|\0\ger\d
=020  \\$a387397004X
=041  \\$ager
=059  \\$a241 pages
=100  \\$aMeier, Adolf$4aut$920416
=245  \\$aKonzertante Musik für Kontrabaß in der Wiener Klassik.$bMit Beiträgen zur Geschichte des Kontrabaßbaues in Österreich
=260  \\$aMunich$aSalzburg$bEmil Katzbichler$c1979
=490  \\$aSchriften zur Musik$v4
=648  \0$a18th Century (1701-1800)$1http://www.wikidata.org/entity/Q7015$920899
=648  \0$a19th Century (1801-1900)$1http://www.wikidata.org/entity/Q6955$920935
=650  \0$aDouble bass$1http://www.wikidata.org/entity/Q80019$921734
=650  \0$aConcerto$1http://www.wikidata.org/entity/Q9748$921817
=650  \0$aMusic history$1http://www.wikidata.org/entity/Q846047$921373
=651  \0$aVienna (Austria)$1http://www.wikidata.org/entity/Q1741$920937
=700  \\$aKolneder, Walter$d1910-1994$1http://www.wikidata.org/entity/Q1168436$4edt$912113
=942  \\$cBOO
=952  \\$00$10$2ddc$40$6INS_4_000000000000000_4D_MEIE$70$8INS$99428$aORPH$bORPH$cKTS0$d2020-07-08$eKoopman$i19F51$l0$oINS4.4d MEIE$p20125220$r2021-01-12 00:00:00$w2021-01-12$yBOO$OKoopman
=999  \\$d9438

