=LDR  00859aam a2200205   4500
=001  9439
=005  20250925143258.0
=008  250311b1926\\\\|||ao|||\||||\001\0\ger\d
=041  \\$ager
=245  \\$aKunstdenkmäler der Stadt Braunschweig
=260  \\$c1926$aBrunswick$bAppelhans & Co.
=300  \\$a105-[107] pages
=648  \0$a20th Century (1901-2000)$1http://www.wikidata.org/entity/Q6927$920936
=650  \0$aArchitecture$1http://www.wikidata.org/entity/Q12271$93185
=651  \0$aBrunswick (Germany)$1http://www.wikidata.org/entity/Q2773$950
=700  \\$aMeier, P.J.$1http://www.wikidata.org/entity/Q2548382$4aut$912691
=700  \\$aSteinacker, K.$4aut$939877
=942  \\$cBOO
=952  \\$00$10$2ddc$40$6TOP_DE_BRA1$70$8TOP$99429$aORPH$bORPH$cKTS0$d2020-07-08$eKoopman$i47E05$l0$oTOP DE.BRA1$p20123662$r2021-01-12 00:00:00$w2021-01-12$yBOO$OKoopman
=999  \\$d9439

