=LDR  01151aam a2200241   4500
=001  9440
=008  230522s1989\\\\||||||||\||||\00|\0ddut\d
=020  \\$a9072015185
=041  \\$adut
=100  \\$aMeijer Drees, M.$912692$4aut
=245  \\$aDe treurspelen van Thomas Asselijn
=260  \\$aUtrecht$bUniversiteit Utrecht$c1989
=500  \\$aPhD dissertation, with some missing pages
=600  \0$1http://www.wikidata.org/entity/Q448629$aAsselijn, Thomas$d1620-1701$95504
=610  \0$1http://www.wikidata.org/entity/Q1817103$aStadsschouwburg Amsterdam (Netherlands)$921020
=648  \0$1http://www.wikidata.org/entity/Q7016$a17th Century (1601-1700)$920923
=650  \0$1http://www.wikidata.org/entity/Q36180$aWriter$93885
=650  \0$1http://www.wikidata.org/entity/Q25379$aPlay (theater)$921414
=650  \0$1http://www.wikidata.org/entity/Q1061140$aTheater history$94607
=651  \0$1http://www.wikidata.org/entity/Q727$aAmsterdam (Netherlands)$9135
=942  \\$cBOO
=952  \\$00$10$2ddc$40$6BIO_ASSE_E$70$8BIO$99430$aORPH$bORPH$cKTS1_P$d2020-07-08$eKoopman$i30D20$l0$oBIO ASSE e$p20121184$r2021-01-12 00:00:00$w2021-01-12$yBOO$OKoopman
=999  \\$d9440

