=LDR  01220    a2200241   4500
=001  9441
=008  240516b\\\\\\\\||||||||\||||\00|\0bdut\d
=041  \\$adut
=100  \\$aSigtenhorst Meyer, Bernhard van den$d1888-1953$1http://www.wikidata.org/entity/Q2062391$4aut$912741
=245  \\$aJan P. Sweelinck
=260  \\$aAmsterdam$bBecht$cs.d.
=300  \\$a59 pages$billustrations
=490  \\$aSymphonia-reeks, een serie bijdragen tot de kennis der muziekgeschiedenis
=600  \0$aSweelinck, Jan Pieterszoon$d1562-1621$1http://www.wikidata.org/entity/Q110294$911454
=648  \0$a16th Century (1501-1600)$1http://www.wikidata.org/entity/Q7017$920944
=648  \0$a17th Century (1601-1700)$1http://www.wikidata.org/entity/Q7016$920923
=650  \0$aComposer$1http://www.wikidata.org/entity/Q36834$93625
=650  \0$aOrganist$1http://www.wikidata.org/entity/Q765778$94471
=650  \0$aBiography$1http://www.wikidata.org/entity/Q36279$91927
=651  \0$aAmsterdam (Netherlands)$1http://www.wikidata.org/entity/Q727$9135
=942  \\$cBOO
=952  \\$00$10$2ddc$40$6BIO_SWEE1_D$70$8BIO$99431$aORPH$bORPH$cLOC_UNK$d2020-07-08$eKoopman$i23C02$l0$oBIO SWEE1 d$p20128590$r2021-01-12 00:00:00$w2021-01-12$yBOO$OKoopman
=999  \\$d9441

