=LDR  00699aam a2200193   4500
=001  9445
=008  230918s1980\\\\||||||||\||||\00|\0\ger\d
=020  \\$a9028414541
=041  \\$ager
=100  \\$aMeilink, W.$912697$4aut
=245  \\$aDoopceel van Jan Claeszen:$bKroniek van het traditionele poppenspel in Nederland
=250  \\$a2nd ed.
=260  \\$c1980$aAmsterdam
=300  \\$a159 pages
=650  \0$1http://www.wikidata.org/entity/Q24354$aTheater$92225
=651  \0$1http://www.wikidata.org/entity/Q55$aNetherlands$9173
=942  \\$cBOO
=952  \\$00$10$2ddc$40$6TOP_NL$70$8TOP$99435$aORPH$bORPH$cKTS0$d2020-07-08$eKoopman$l0$oTOP NL$p20125039$r2021-01-12 00:00:00$w2021-01-12$yBOO$OKoopman
=999  \\$d9445

