=LDR  00778    a2200193   4500
=001  9446
=008  211119s1903\\\\\\\|||||\||||\00|\0\dut\d
=041  \\$adut
=100  \\$aMeinsma, K. O.$4aut$912698
=245  \\$aMiddeleeuwse bibliotheken
=260  \\$aZutphen$c1903$bBingen
=300  \\$a317 pages
=610  \0$aLibrije (Zutphen, Netherlands)$1http://www.wikidata.org/entity/Q2922482$922961
=648  \0$aMiddle Ages (500-1400)$1http://www.wikidata.org/entity/Q12554$920964
=650  \0$aLibrary$1http://www.wikidata.org/entity/Q7075$94229
=650  \0$aChained library$1Q691927$926767
=942  \\$cBOO
=952  \\$00$10$2ddc$40$6BIB_1_000000000000000_MEIN$70$8BIB$99436$aORPH$bORPH$cKTS0$d2020-07-08$eKoopman$i25E27$oBIB1 MEIN$p20129364$r2021-01-12 00:00:00$w2021-01-12$yBOO
=999  \\$d9446

