=LDR  01688cam a2200301 a 4500
=001  9449
=005  20250120120140.0
=008  931008m19932000ne\a\\\\\b\\\\001\0\dut\\
=020  \\$a9066304065 (v. 1)
=020  \\$a9040094314 (v. 4)
=040  \\$aOI
=245  00$aHuizen in Nederland
=260  \\$aZwolle :$bWaanders ;$aAmsterdam :$bVereniging Hendrick de Keyser,$cc1993-c2000.
=300  \\$a4 vols.$bill. ;$c28 cm.
=504  \\$aIncludes bibliographical references and indexes.
=505  0\$a[1] Friesland en Noord-Holland -- [2] Amsterdam -- [3] Zeeland en Zuid-Holland -- [4] Utrecht, Noord-Brabant en de oostelijke provincies
=650  \0$aArchitecture$1http://www.wikidata.org/entity/Q12271$93185
=651  \0$aNetherlands$1http://www.wikidata.org/entity/Q55$9173
=700  \\$aMeischke, R.$4aut$910671
=700  \\$aZantkuijl, H. J.$4aut$915615
=700  \\$aRaue, W.$4aut$922874
=700  \\$aRosenberg, P. T. E. E.$4aut$922875
=942  \\$cBOO
=952  \\$00$10$2ddc$3Utrecht, Noord-Brabant en de oostelijke provincies$40$6TOP_NL$70$8TOP$99437$aORPH$bORPH$cKTS0$d2020-07-08$eKoopman$i18A31$oTOP NL$p20127458$r2021-01-12 00:00:00$w2021-01-12$yBOO
=952  \\$00$10$2ddc$3Amsterdam$40$6TOP_NL$70$8TOP$99438$aORPH$bORPH$cKTS0$d2020-07-08$eKoopman$i18A32$oTOP NL$p20127457$r2021-01-12 00:00:00$w2021-01-12$yBOO
=952  \\$00$10$2ddc$3Friesland en Noord-Holland$40$6TOP_NL$70$8TOP$99439$aORPH$bORPH$cKTS0$d2020-07-08$eKoopman$i18A33$oTOP NL$p20127456$r2021-01-12 00:00:00$w2021-01-12$yBOO
=952  \\$00$10$2ddc$3Zeeland en Zuid-Holland$40$6TOP_NL$70$8TOP$99440$aORPH$bORPH$cKTS0$d2020-07-08$eKoopman$i18A34$oTOP NL$p20127455$r2021-01-12 00:00:00$w2021-01-12$yBOO
=999  \\$d9449

