=LDR  01075cam a2200253 a 4500
=001  9451
=005  20250120120203.0
=008  921116s1992\\\\ne\a\\\\\b\\\\000\0\dut\\
=020  \\$a9060117883
=040  \\$aOI
=041  \\$adut
=100  \\$aMekking, Aart J. J.$4aut$912699
=245  13$aDe Grote of Lebuinuskerk te Deventer:$bde 'Dom' van het Oversticht veelzijdig bekeken
=260  \\$aZutphen$bWalburg Pers$c1992
=300  \\$a288 pages$bill. (some col.)$c30 cm
=490  \\$aClavis kunsthistorische monografieën$v11
=500  \\$aSee REC 12 KLEI 1980 for a recording on this organ.
=504  \\$aIncludes bibliographical references (p. 280-287).
=610  \0$aLebuïnuskerk (Deventer, Netherlands)$xHistory.$1http://www.wikidata.org/entity/Q1811227$91471
=650  \0$aChurch$1http://www.wikidata.org/entity/Q16970$93776
=650  \0$aOrgan$1http://www.wikidata.org/entity/Q1444$92810
=942  \\$cBOO
=952  \\$00$10$2ddc$40$6TOP_NL_DEV$70$8TOP$99441$aORPH$bORPH$cKTS0$d2020-07-08$eKoopman$i18F11$oTOP NL.DEV$p20127795$r2021-01-12 00:00:00$w2021-01-12$yBOO
=999  \\$d9451

