=LDR  01369pam a2200277 a 4500
=001  9452
=005  20250926134855.0
=008  940630s1995\\\\enkagh\\\b\\\\001\0deng\\
=020  \\$a052141864X (hardback)
=040  \\$aOI
=100  \\$aMelamed, Daniel R.$912700
=245  10$aJ.S. Bach and the German motet /$cDaniel R. Melamed.
=260  \\$aCambridge ;$aNew York :$bCambridge University Press,$c1995.
=300  \\$axv, 229 p. :$btabs., music, facsims. ;$c26 cm.
=504  \\$aIncludes bibliographical references (p. 214-218) and indexes.
=600  \0$aBach, Johann Sebastian$d1685-1750$1http://www.wikidata.org/entity/Q1339$94766
=650  \0$aMotet$1http://www.wikidata.org/entity/Q188285$92028
=650  \0$aMotet$1http://www.wikidata.org/entity/Q188285$92028
=856  \\$uhttp://www.loc.gov/catdir/toc/cam023/94005293.html$3Table of contents
=856  \\$uhttp://www.loc.gov/catdir/description/cam026/94005293.html$3Publisher description
=942  \\$cBOO
=952  \\$00$10$40$6BIO_BACH1_E$70$8BIO$99442$aORPH$bORPH$cKTS1_P$d2020-07-08$eKoopman$i21E47$oBIO BACH1 e$p20125437$r2021-01-12 00:00:00$w2021-01-12$yBOO$OKoopman
=999  \\$c9452$d9452
=651  \0$aGermany$1http://www.wikidata.org/entity/Q183$9155
=648  \0$a17th Century (1601-1700)$1http://www.wikidata.org/entity/Q7016$920923
=650  \0$aMusic history$1http://www.wikidata.org/entity/Q846047$921373

