=LDR  00724pam a2200205 a 4500
=001  9453
=005  20250926134855.0
=008  970910s1998\\\\nyu\\\\\\b\\\\001\0\eng\\
=020  \\$a0195122313
=040  \\$aOI
=041  \\$aeng
=245  13$aAn Introduction to Bach Studies
=260  \\$aNew York$bOxford University Press$c1998
=300  \\$axi-189 pages$c24 cm
=600  \0$aBach, Johann Sebastian$d1685-1750$1http://www.wikidata.org/entity/Q1339$94766
=700  \\$aMelamed, Daniel R.$4aut$912700
=700  \\$aMarissen, Michael$4aut$912703
=942  \\$cBOO
=952  \\$00$10$2ddc$40$6BIO_BACH1_C$70$8BIO$99443$aORPH$bORPH$cKTS1_P$d2020-07-08$eKoopman$i32A08$oBIO BACH1 c$p20120998$r2021-01-12 00:00:00$w2021-01-12$yBOO
=999  \\$d9453

