=LDR  01295    a2200277   4500
=001  9455
=005  20250926134855.0
=008  210604s2012\\\\\\\|||||\||||\00|\0dita\d
=020  \\$a9788883024412
=041  \\$aita
=100  \\$aMellace, Raffaele$d1969-$4aut$1http://www.wikidata.org/entity/Q112449909$912706
=245  \\$aJohann Sebastian Bach.$bLe cantate
=260  \\$aPalermo$bL'Epos$c2012
=300  \\$a784 pages
=561  \\$aContains a dedication by the author to Ton Koopman
=600  \0$aBach, Johann Sebastian$d1685-1750$1http://www.wikidata.org/entity/Q1339$94766
=600  \0$aPicander$d1700-1764$1http://www.wikidata.org/entity/Q60613$97355
=648  \0$a18th Century (1701-1800)$1http://www.wikidata.org/entity/Q7015$920899
=650  \0$aCantata$1http://www.wikidata.org/entity/Q174873$921603
=650  \0$aLute$1http://www.wikidata.org/entity/Q180733$93944
=650  \0$aMusic history$1http://www.wikidata.org/entity/Q846047$921373
=651  \0$aWeimar (Germany)$1http://www.wikidata.org/entity/Q3955$921645
=651  \0$aLeipzig (Germany)$1http://www.wikidata.org/entity/Q2079$945
=942  \\$cBOO
=952  \\$00$10$2ddc$40$6BIO_BACH1_E$70$8BIO$99445$aORPH$bORPH$cKTS1_P$d2020-07-08$eKoopman$i43A05$oBIO BACH1 e$p20127275$r2021-01-12 00:00:00$w2021-01-12$yBOO
=999  \\$c9455$d9455

