=LDR  02798cam a2200397 a 4500
=001  9456
=005  20250121142124.0
=008  160311s2016\\\\gw\abgh\\b\\\\001\0bger\d
=020  \\$a9783937788401$q(pbk.)
=020  \\$a3937788409$q(pbk.)
=024  3\$a9783937788401
=028  30$aOM197$bOrtus Musikverlag
=040  \\$aOI
=041  1\$ager$hita
=100  \\$aMellace, Raffaele$d1969-$4aut$1http://www.wikidata.org/entity/Q112449909$912706
=245  10$aJohann Adolf Hasse
=250  \\$aRev. ed.
=260  \\$aBeeskow$bOrtus$c2016
=300  \\$avi-457 pages$billustrations (some color), maps, music, facsimiles$c24 cm
=490  1\$aOrtus Studien$v16
=504  \\$aIncludes bibliographical references and indexes.
=505  00$aEinleitung -- Das Leben -- Von der Nordsee zum Laboratorium Neapel -- Der Sassone und die Serenissima : Wahlverwandtschaften -- Elbflorenz : Kapellmeister in Dresden -- Kennst du das Land -- Am Kaiserhof : Hasse und die Habsburger -- Epilog in der Lagune -- Licenza -- Die Opern -- Fünfzig Jahre Musiktheater -- Die Anfänge -- Hasse als Komiker -- Die Triumphe der 1730er Jahre -- Die Opern für den Dresdner Hof -- Revisionen und Neufassungen : Theater in progress -- Metastasio und Hasse -- Ein letzter Besuch in Neapel -- Festkompositionen für die Habsburger -- Feste teatrali und serenate -- Intermezzo tragico (fast ein Epilog) -- Die Kammerkantaten -- Imaginäres Theater -- Metastasio da camera -- Die geistliche Musik : Psalmen und Hymnen -- Cantate da chiesa : die Solomotetten -- Im Namen Mariens : Antiphonen und Litaneien -- Messen und Requiem-Kompositionen -- Das geistliche Theater der Oratorien -- Die Instrumentalmusik -- Die Sinfonien und Konzerte -- Die Sonaten -- Werkverzeichnis -- Ausgaben -- Literaturverzeichnis -- Werkregister -- Personenregister.
=534  \\$aOriginally published in 2004
=600  \0$aHasse, Johann Adolf$d1699-1783$1http://www.wikidata.org/entity/Q164732$94966
=600  \0$aBordoni, Faustina$d1697-1781$1http://www.wikidata.org/entity/Q267651$921646
=600  \0$aMetastasio, Pietro$d1698-1782$1http://www.wikidata.org/entity/Q29473$96031
=648  \0$a18th Century (1701-1800)$1http://www.wikidata.org/entity/Q7015$920899
=650  \0$aBiography$1http://www.wikidata.org/entity/Q36279$91927
=650  \0$aComposer$1http://www.wikidata.org/entity/Q36834$93625
=650  \0$aOpera$1http://www.wikidata.org/entity/Q1344$92468
=651  \0$aVenice (Italy)$1http://www.wikidata.org/entity/Q641$91
=651  \0$aDresden (Germany)$1http://www.wikidata.org/entity/Q1731$947
=700  \\$4trl$aRiepe, Juliane$913552
=942  \\$cBOO
=952  \\$00$10$2ddc$40$6BIO_HASS2_D$70$8BIO$99446$aORPH$bORPH$cKTS1_P$d2020-07-08$eKoopman$i46E24$l0$oBIO HASS2 d$p20126943$r2021-01-12 00:00:00$w2021-01-12$yBOO
=999  \\$d9456

