=LDR  01489cam a22003134a 4500
=001  9457
=005  20250121142125.0
=008  041025s2004\\\\it\af\\\\bk\\\001\0bita\\
=020  \\$a8883022483
=040  \\$aOI
=041  \\$aita
=100  \\$aMellace, Raffaele$d1969-$4aut$1http://www.wikidata.org/entity/Q112449909$912706
=245  10$aJohann Adolf Hasse
=260  \\$aPalermo$bL'Epos$c2004
=300  \\$a517 p., xxiv p. of plates :$bill. (some col.) ;$c21 cm.
=490  \\$aL'amoroso canto$v1
=504  \\$a"Catalogo delle opere": p. [433]-452.
=504  \\$aIncludes bibliographical references (p. [455]-483), discography (p. [487]-495), and indexes.
=600  \0$aHasse, Johann Adolf$d1699-1783$1http://www.wikidata.org/entity/Q164732$94966
=600  \0$aBordoni, Faustina$d1697-1781$1http://www.wikidata.org/entity/Q267651$921646
=648  \0$a18th Century (1701-1800)$1http://www.wikidata.org/entity/Q7015$920899
=650  \0$aMusic history$1http://www.wikidata.org/entity/Q846047$921373
=650  \0$aBiography$1http://www.wikidata.org/entity/Q36279$91927
=650  \0$aOpera$1http://www.wikidata.org/entity/Q1344$92468
=651  \0$aVenice (Italy)$1http://www.wikidata.org/entity/Q641$91
=651  \0$aDresden (Germany)$1http://www.wikidata.org/entity/Q1731$947
=942  \\$cBOO
=952  \\$00$10$2ddc$40$6BIO_HASS2_D$70$8BIO$99447$aORPH$bORPH$cKTS1_P$d2020-07-08$eKoopman$i46E37$l1$oBIO HASS2 d$p20126926$r2021-06-01 00:00:00$s2021-06-01$w2021-01-12$yBOO
=999  \\$c9457$d9457

