=LDR  00363    a2200109   4500
=001  9458
=100  \\$aMelles, J.$912710
=245  \\$aJoachim Oudaan (1628-1692)
=260  \\$c1958
=942  \\$cBOO
=952  \\$00$10$2ddc$40$6BIO_OUDA_D$70$8BIO$99448$aORPH$bORPH$cKTS1_P$d2020-07-08$eKoopman$i44F17$l0$oBIO OUDA d$p20126822$r2021-01-12 00:00:00$w2021-01-12$yBOO$OKoopman
=999  \\$c9458$d9458

