=LDR  01171aam a2200229   4500
=001  9466
=008  250610s1916\\\\||||||||\||||\00|\0bger\d
=041  \\$ager
=100  \\$aMengelberg, C. R.$912715$4aut
=245  \\$aGiovanni Alberto Ristori.$bEin Beitrag zur Geschichte Italienischer Kunstherrschaft in Deutschland im 18. Jahrhundert
=260  \\$aLeipzig$bBreitkopf & Härtel$c1916
=600  \0$aRistori, Giovanni Alberto$d1692-1753$1http://www.wikidata.org/entity/Q174633$940346
=648  \0$a18th Century (1701-1800)$1http://www.wikidata.org/entity/Q7015$920899
=650  \0$aComposer$1http://www.wikidata.org/entity/Q36834$93625
=650  \0$aOrganist$1http://www.wikidata.org/entity/Q765778$94471
=650  \0$aConductor$1http://www.wikidata.org/entity/Q158852$93134
=650  \0$aBiography$1http://www.wikidata.org/entity/Q36279$91927
=651  \0$aItaly$1http://www.wikidata.org/entity/Q38$922
=651  \0$aDresden (Germany)$1http://www.wikidata.org/entity/Q1731$947
=942  \\$cBOO
=952  \\$00$10$2ddc$40$6BIO_RIST_D$70$8BIO$99456$aORPH$bORPH$cKTS1_P$d2020-07-08$eKoopman$i25C41$l0$oBIO RIST d$p20129262$r2021-01-12 00:00:00$w2021-01-12$yBOO$OKoopman
=999  \\$d9466

