=LDR  00815aam a2200205   4500
=001  9467
=008  211103s1973\\\\gw\f||||\||||\00|\0\ger\d
=020  \\$a379520997
=041  \\$ager
=100  \\$aMenger, Reinhardt$d-1936$4aut$99363
=245  \\$aDas Regal
=260  \\$aTutzing$bSchneider$c1973
=300  \\$a152 pages
=648  \0$a16th Century (1501-1600)$1http://www.wikidata.org/entity/Q7017$920944
=648  \0$a17th Century (1601-1700)$1http://www.wikidata.org/entity/Q7016$920923
=650  \0$aRegal$1http://www.wikidata.org/entity/Q930827$922586
=650  \0$aOrganology$1http://www.wikidata.org/entity/Q899293$921400
=942  \\$cBOO
=952  \\$00$10$2ddc$40$6INS_3_000000000000000_1A$70$8INS$99457$aORPH$bORPH$cKTS0$d2020-07-08$eKoopman$i24B22$oINS3.1a$p20128731$r2021-01-12 00:00:00$w2021-01-12$yBOO
=999  \\$d9467

