=LDR  01103nam a2200253 a 4500
=001  9469
=005  20250121142125.0
=008  880126s1987\\\\gw\ag\\\\b\\\\000\0bger\\
=040  \\$aOI
=041  \\$ager
=100  \\$4aut$aMenke, Werner$912718
=245  00$aGeorg Philipp Telemann:$bLeben, Werk und Umwelt in Bilddokumenten
=260  \\$aWilhelmshaven$bNoetzel$c1987
=300  \\$a187 pages$bill., music ;$c31 cm.
=504  \\$aIncludes bibliographical references.
=600  \0$aTelemann, Georg Philipp$d1681-1767$1http://www.wikidata.org/entity/Q75854$99287
=648  \0$a18th Century (1701-1800)$1http://www.wikidata.org/entity/Q7015$920899
=650  \0$aComposer$1http://www.wikidata.org/entity/Q36834$93625
=650  \0$aBiography$1http://www.wikidata.org/entity/Q36279$91927
=650  \0$aIconography$1http://www.wikidata.org/entity/Q208145$921259
=651  \0$aGermany$1http://www.wikidata.org/entity/Q183$9155
=942  \\$cBOO
=952  \\$00$10$2ddc$40$6BIO_TELE_B$70$8BIO$99459$aORPH$bORPH$cKTS1_P$d2020-07-08$eKoopman$i32B45$oBIO TELE b$p20122921$r2021-01-12 00:00:00$w2021-01-12$yBOO
=999  \\$d9469

