=LDR  01755cam a2200349 i 4500
=001  9470
=005  20250121142125.0
=008  780822r19771906gw\g\\\\\b\\\\001\0\ger\\
=020  \\$a3487063077 :$cDM78.00
=040  \\$aOI
=041  \\$ager
=100  \\$aMennicke, Carl$d1880-1917$1http://www.wikidata.org/entity/Q27477905$4aut$926144
=245  10$aHasse und die Brüder Graun als Symphoniker.$bNebst Biographien und thematischen Katalogen
=260  \\$aHildesheim$aNew York$bOlms$aWiesbaden$bBreitkopf & Härtel$c1977
=300  \\$aiv, 568 p. :$bmusic ;$c20 cm.
=500  \\$aOriginally presented as the author's thesis, Leipzig, 1906.
=500  \\$aFacsimile reprint
=500  \\$aIncludes indexes.
=504  \\$aBibliography of J. A. Hasse's, J. G. Graun's, and K. H. Graun's works: p. [548]-553.
=534  \\$aOriginally published in Leipzig, 1906
=600  \0$aHasse, Johann Adolf$d1699-1783$1http://www.wikidata.org/entity/Q164732$94966
=600  \0$aGraun, Carl Heinrich$d1704-1759$1http://www.wikidata.org/entity/Q161208$96249
=600  \0$aGraun, Johann Gottlieb$d1702/03-1771$1http://www.wikidata.org/entity/Q502321$99277
=610  \0$aGraun family$922335
=648  \0$1http://www.wikidata.org/entity/Q7015$a18th Century (1701-1800)$920899
=650  \0$aSymphony$1http://www.wikidata.org/entity/Q9734$92527
=650  \0$aOverture$1http://www.wikidata.org/entity/Q202287$921591
=650  \0$aMusic history$1http://www.wikidata.org/entity/Q846047$921373
=650  \0$aMusical analysis$1http://www.wikidata.org/entity/Q1544924$92775
=942  \\$cBOO
=952  \\$00$10$2ddc$40$6BIO_HASS2_E$70$8BIO$99460$aORPH$bORPH$cKTS1_P$d2020-07-08$eKoopman$i32G11$l0$oBIO HASS2 e$p20122819$r2021-01-12 00:00:00$w2021-01-12$yBOO$OKoopman
=999  \\$d9470

