=LDR  01257cam a22002651  4500
=001  9471
=005  20250120120531.0
=008  890616s1958\\\\ne\cj\\\\\\\\\000\0bdut\\
=040  \\$aOI
=041  \\$adut
=100  1\$aMensink, Bernardus Antonius.$4aut
=245  10$aJan Baptist Stalpart van der Wiele, advocaat, priester en zielzorger, 1579-1630
=260  \\$aBussum$bBrand$c1958
=300  \\$a237 pages$bportraits, genealogical table$c24 cm
=600  \0$aStalpart van der Wiele, Jan Baptist$d1579-1630$1http://www.wikidata.org/entity/Q2465797$912338
=648  \0$a16th Century (1501-1600)$1http://www.wikidata.org/entity/Q7017$920944
=648  \0$a17th Century (1601-1700)$1http://www.wikidata.org/entity/Q7016$920923
=650  \0$aBiography$1http://www.wikidata.org/entity/Q36279$91927
=650  \0$aLawyer$1http://www.wikidata.org/entity/Q40348$923066
=650  \0$aPoet$1http://www.wikidata.org/entity/Q49757$92954
=650  \0$aCatholicism$1http://www.wikidata.org/entity/Q1841$921631
=651  \0$aNetherlands$1http://www.wikidata.org/entity/Q55$9173
=942  \\$cBOO
=952  \\$00$10$2ddc$40$6BIO_STAL_D$70$8BIO$99461$aORPH$bORPH$cKTS1_P$d2020-07-08$eKoopman$i32F35$l0$oBIO STAL d$p20123066$r2021-01-12 00:00:00$w2021-01-12$yBOO$OKoopman
=999  \\$d9471

