=LDR  01658aam a2200229   4500
=001  9472
=008  241125b\\\\\\\\|||fc|||\||||\00|\0\fre\d
=041  \\$afre
=100  \\$aCarmontelle, Louis Carrogis$1http://www.wikidata.org/entity/Q982053$4art$939237
=245  \\$aLe Clavecin chez Charmontelle
=260  \\$aParis$bA la corde pincée
=300  \\$a4 pages + 10 plates$blarge coloured plates with reproductions of portraits by Carmontelle, with an introduction
=505  \\$gContains an introduction by Jean Favier, Jean Baillais, Adélaide de Place, Claude Mercier-Ythier.
And 10 large plates of drawings /  watercolors by Carmontelle:
- Mademoiselle Desgots et son nègre Laurent
- Madame de Maupassant
- Madame la Marquise du Rumain, Madame la Comtesse de Polognac, sa fille aignée, et Mademoiselle du Rumain, sa seconde fille
- Le Comte et la Comtesse des Pourdons
- La famille Mozart
- Jean-Philippe Rameau
- Madame Mignotti
- Egidio Duni
- Les trois filles du compositeur Royer
(all depicted behind or next to a harpsichord)
=648  \0$a18th Century (1701-1800)$1http://www.wikidata.org/entity/Q7015$920899
=650  \0$aFine art$1http://www.wikidata.org/entity/Q219625$921579
=650  \0$aPortrait$1http://www.wikidata.org/entity/Q134307$92622
=650  \0$aHarpsichord$1http://www.wikidata.org/entity/Q81982$92125
=651  \0$aParis (France)$1http://www.wikidata.org/entity/Q90$9160
=700  \\$aMercier-Ythier, C.$4aut$912721
=942  \\$cBOO
=952  \\$00$10$2ddc$40$6INS_LARGE_NA_INS_PER$70$8INS$99462$aORPH$bORPH$cKTS0$d2020-07-08$eKoopman$i21A55$l0$oINS large (na INS PER)$p20128103$r2021-01-12 00:00:00$w2021-01-12$yBOO$OKoopman
=999  \\$d9472

