=LDR  01164cam a2200265 i 4500
=001  9474
=005  20250120120102.0
=008  790910r19731916gw\g\\\\\b\\\\000\0\ger\\
=020  \\$a9060272455
=041  \\$ager
=100  \\$aMerian, Wilhelm$d1889-1952$4aut$912723
=245  14$aDie Tabulaturen des Organisten Hans Kotter.$bEin Beitrag zur Musikgeschichte des beginnenden 16. Jahrhunderts. Inaugural-Dissertation
=260  \\$aAmsterdam $bFrits Knuf$c1973
=300  \\$aix-103 pages$bmusic $c23 cm
=490  \\$aBibliotheca Organologica $vVol. 69
=502  \\$aThesis--Basel, 1915.
=504  \\$aBibliography: p. [v]-ix.
=600  \0$aKotter, Hans$dc. 1485-1541$912724
=648  \0$a17th Century (1601-1700)$1http://www.wikidata.org/entity/Q7016$920923
=650  \0$aMusic history$1http://www.wikidata.org/entity/Q846047$921373
=650  \0$aMusic history$1http://www.wikidata.org/entity/Q846047$921373
=650  \0$aOrgan$1http://www.wikidata.org/entity/Q1444$92810
=942  \\$cBOO
=952  \\$00$10$2ddc$40$6INS_3_100000000000000_D$70$8INS$99464$aORPH$bORPH$cKTS0$d2020-07-08$eKoopman$i24B65$oINS3.1 d$p20128772$r2021-01-12 00:00:00$w2021-01-12$yBOO
=999  \\$d9474

