=LDR  01170aam a2200253   4500
=001  9476
=008  240409s1976\\\\||||||||\||||\00|\0adut\d
=020  \\$a9003218900
=041  \\$adut
=100  \\$aPetyt, Maria$d1623-1677$1http://www.wikidata.org/entity/Q2406958$4edt$927225
=245  \\$aHet leven van Maria Petyt (1623-1677).$bHaar autobiografie
=260  \\$aZutphen$bThieme$c1976
=610  \0$aCarmelites$925514
=648  \0$a17th Century (1601-1700)$1http://www.wikidata.org/entity/Q7016$920923
=650  \0$aMysticism$1http://www.wikidata.org/entity/Q45996$924645
=650  \0$aBiography$1http://www.wikidata.org/entity/Q36279$91927
=650  \0$aMonastery$1http://www.wikidata.org/entity/Q44613$926216
=651  \0$aFrance$1http://www.wikidata.org/entity/Q142$9131
=651  \0$aMechelen (Belgium)$1http://www.wikidata.org/entity/Q162022$921975
=651  \0$aGhent (Belgium)$1http://www.wikidata.org/entity/Q1296$920924
=700  \\$aMerlier, J. R. A.$4edt$912726
=942  \\$cBOO
=952  \\$00$10$2ddc$40$6BIO_PETY_A$70$8BIO$99466$aORPH$bORPH$cKTS1_P$d2020-07-08$eKoopman$i41D13$l0$oBIO PETY a$p20120158$r2021-01-12 00:00:00$w2021-01-12$yBOO$OKoopman
=999  \\$d9476

