=LDR  00795    a2200181   4500
=001  9502
=008  220525b\\\\\\\\||||||||\||||\00|\0\###\d
=041  \\$afre
=100  \\$aMetrope, Loïc$4aut$912733
=245  \\$aLes grandes Orgues Historiques de Saint-Roch Oeuvre de Clicquit (1755) et Cavaille-Coll (1858)
=260  \\$c1994$aParis
=610  \0$aÉglise Saint-Roch (Paris, France)$924306
=650  \0$aOrganology$1http://www.wikidata.org/entity/Q899293$921400
=650  \0$aOrgan$1http://www.wikidata.org/entity/Q1444$92810
=651  \0$aParis (France)$1http://www.wikidata.org/entity/Q90$9160
=942  \\$cBOO
=952  \\$00$10$2ddc$40$6INS_3_000000000000000_1E_FR_PAR$70$8INS$99490$aORPH$bORPH$cKTS0$d2020-07-08$eKoopman$i24C52$oINS3.1e FR.PAR$p20129000$r2021-01-12 00:00:00$w2021-01-12$yBOO
=999  \\$d9502

