=LDR  01142cam a2200277 a 4500
=001  9505
=005  20250925143258.0
=008  111208s2012\\\\ne\\\\\\\b\\\\001\0\dut\d
=020  \\$a9789056296971
=020  \\$a9056296973
=040  \\$aOI
=041  \\$adut
=245  10$aSempre appassionato:$b75 jaar muziekwetenschap in Amsterdam
=260  \\$aAmsterdam$bVossiuspers UvA$c2012
=300  \\$a204 pages$billustrations$c24 cm
=504  \\$aIncludes bibliographical references and index.
=648  \0$a20th Century (1901-2000)$1http://www.wikidata.org/entity/Q6927$920936
=648  \0$a21st Century (2001-2100)$1http://www.wikidata.org/entity/Q6939$920812
=650  \0$aMusicology$1http://www.wikidata.org/entity/Q164204$93925
=650  \0$aEducation$926206
=651  \0$aAmsterdam (Netherlands)$1http://www.wikidata.org/entity/Q727$9135
=700  \\$aMetzelaar, Helen$919149$4aut
=700  \\$aLinders, B. E. M.$912737$4aut
=942  \\$cBOO
=952  \\$00$10$2ddc$40$6TOP_NL_AMS_7_000000000000000$70$8TOP$99493$aORPH$bORPH$cKTS0$d2020-07-08$eKoopman$i44F20$l0$oTOP NL.AMS 7$p20126819$r2021-01-12 00:00:00$w2021-01-12$yBOO$OKoopman
=999  \\$d9505

