=LDR  00854    a2200217   4500
=001  9506
=005  20251103124736.0
=008  230922s2015\\\\nl\fa|||\||||\00|\0\eng\d
=020  \\$a9789081765824
=041  \\$aeng
=100  \\$aMeulkens, John$912738$4aut
=245  \\$aThe Piano. A short history 
=260  \\$c2015$aOosterbeek$bGVO
=300  \\$a129 pages
=650  \0$1http://www.wikidata.org/entity/Q5994$aPiano$92127
=650  \0$1http://www.wikidata.org/entity/Q846047$aMusic history$921373
=650  \0$1http://www.wikidata.org/entity/Q899293$aOrganology$921400
=650  \0$1http://www.wikidata.org/entity/Q1668139$aMusical interpretation$94533
=942  \\$cBOO
=952  \\$00$10$2ddc$40$6INS_3_000000000000000_3A$70$8INS$99494$aORPH$bORPH$cKTS0$d2020-07-08$eKoopman$i45G31$l0$oINS3.3a$p20127534$r2021-01-12 00:00:00$w2021-01-12$yBOO$OKoopman
=999  \\$d9506

