=LDR  00933cam a2200217 a 4500
=001  9508
=008  030919s2003\\\\fr\a\\\\\b\\\\000\0\fre\\
=041  \\$afre
=100  \\$aMeyer-Siat, Pie$4aut$912740
=245  10$aOrgues d'Alsace.$bInventaire historique des orgues d'Alsace 
=260  \\$aStrasbourg $bCoprur$c2003
=300  \\$a248 pages$bill. (chiefly col.) $c27 cm
=336  \\$aprinted
=504  \\$aIncludes bibliographical references (p. 238-245).
=650  \0$aOrgan$1http://www.wikidata.org/entity/Q1444$92810
=650  \0$aOrganology$1http://www.wikidata.org/entity/Q899293$921400
=651  \0$aFrance$1http://www.wikidata.org/entity/Q142$9131
=651  \0$aAlsace (France)$1http://www.wikidata.org/entity/Q1142$922946
=942  \\$cBOO
=952  \\$00$10$2ddc$40$6INS_3_000000000000000_1A_FR_ALS$70$8INS$99496$aORPH$bORPH$cKTS0$d2020-07-08$eKoopman$i29D60$oINS3.1a FR.ALS$p20121310$r2021-01-12 00:00:00$w2021-01-12$yBOO
=999  \\$d9508

