=LDR  00877aam a2200193   4500
=001  9511
=008  220902b1950\\\\||||||||\b|||\001\0\ger\d
=041  \\$ager
=100  \\$aMeyer, Günther$4aut$940036
=245  \\$aUniversität gegen Theater.$bHallisches Theater im 18. Jahrhundert
=260  \\$aEmsdetten$bLechte$c1950
=300  \\$a196 pages
=490  \\$aDie Schaubühne. Quellen und Forschungen zur Theatergeschichte$v37
=648  \0$a18th Century (1701-1800)$1http://www.wikidata.org/entity/Q7015$920899
=650  \0$aTheater history$1http://www.wikidata.org/entity/Q1061140$94607
=651  \0$aHalle (Saale, Germany)$1http://www.wikidata.org/entity/Q2814$921799
=942  \\$cBOO
=952  \\$00$10$2ddc$40$6TOP_DE_HAL1_5_000000000000000$70$8TOP$99499$aORPH$bORPH$cKTS0$d2020-07-08$eKoopman$i28B55$l0$oTOP DE.HAL1 5$p20121452$r2021-01-12 00:00:00$w2021-01-12$yBOO$OKoopman
=999  \\$d9511

