=LDR  00935nam a2200217 a 4500
=001  9512
=008  871023s1987\\\\\\\\\\\\\b\\\\001\0\ger\|
=041  \\$ager
=100  \\$aMeyer, Gerhard$d1922-$912744$4aut
=245  10$aKleiner Führer durch die Lübeck-Literatur
=250  \\$a2. veränderte und erw. Aufl.
=260  \\$aLübeck$bSchmidt-Römhild$c1987
=300  \\$a83 pages
=490  \\$aVeröffentlichungen des Senats der Hansestadt Lübeck, Amt für Kultur.$vHeft 10
=650  \0$aBibliography$1http://www.wikidata.org/entity/Q134995$93965
=650  \0$aDirectory$1http://www.wikidata.org/entity/Q70326023$939358
=651  \0$aLübeck (Germany)$1http://www.wikidata.org/entity/Q2843$9125
=700  \\$aGrassmann, Antjekathrin$912745$4aut
=942  \\$cBOO
=952  \\$00$10$2ddc$40$6TOP_DE_LUB$70$8TOP$99500$aORPH$bORPH$cKTS0$d2020-07-08$eKoopman$i41A09$l0$oTOP DE.LUB$p20120208$r2021-01-12 00:00:00$w2021-01-12$yBOO$OKoopman
=999  \\$d9512

