=LDR  01645nam a2200313 a 4500
=001  9514
=005  20250121142125.0
=008  030124s1970\\\\ne\\\\\\r\\\\\000\0\dut\d
=020  \\$a900211284X
=040  \\$aOI
=100  \\$aMeyer, Maurits de$d1895-1970$4aut$912747
=245  10$aVolksprenten in de Nederlanden 1400-1900:$breligieuze, allegorische, satirische en verhalende prenten, speelkaarten, ganzen- en uilenborden, driekoningenbriefjes, nieuwjaarsprenten
=260  \\$aAmsterdam$bScheltema en Holkema$c1970
=300  \\$a221 pages$billustrations
=504  \\$aBibliography: p. 203-206.
=648  \0$a15th Century (1401-1500)$1http://www.wikidata.org/entity/Q7018$921015
=648  \0$a16th Century (1501-1600)$1http://www.wikidata.org/entity/Q7017$920944
=648  \0$a17th Century (1601-1700)$1http://www.wikidata.org/entity/Q7016$920923
=648  \0$a18th Century (1701-1800)$1http://www.wikidata.org/entity/Q7015$920899
=648  \0$a19th Century (1801-1900)$1http://www.wikidata.org/entity/Q6955$920935
=650  \0$aIllustration$1http://www.wikidata.org/entity/Q178659$921171
=650  \0$aFolklore$1http://www.wikidata.org/entity/Q36192$94595
=650  \0$aReligion$1http://www.wikidata.org/entity/Q9174$93062
=650  \0$aSatire$1http://www.wikidata.org/entity/Q128758$921636
=650  \0$aBoard game$1http://www.wikidata.org/entity/Q131436$92325
=651  \0$aNetherlands$1http://www.wikidata.org/entity/Q55$9173
=942  \\$cBOO
=952  \\$00$10$2ddc$40$6TOP_NL_4_000000000000000$70$8TOP$99502$aORPH$bORPH$cKTS0$d2020-07-08$eKoopman$i19G30$l0$oTOP NL 4$p20125188$r2021-01-12 00:00:00$w2021-01-12$yBOO$OKoopman
=999  \\$d9514

