=LDR  01159aam a2200253   4500
=001  9515
=005  20251003085457.0
=008  210401s1931\\\\\\\a||||\c|||\00|\0\ger\d
=041  \\$ager
=245  \\$aAutographen von Musikern, bildenden Künstlern, Schlager-Komponisten, Schauspielern und Sängern
=260  \\$aBerlin$bMeyer$c1931
=300  \\$a80 pages, with plates
=490  \\$aLager-Katalog$v13
=500  \\$aHellmut Meyer & Ernst, Autographen-Handlung und Antiquariat
=648  \0$a20th Century (1901-2000)$1http://www.wikidata.org/entity/Q6927$920936
=650  \0$aCatalogue$1http://www.wikidata.org/entity/Q2352616$921484
=650  \0$aCollecting$1http://www.wikidata.org/entity/Q208165$92117
=650  \0$aFine art$1http://www.wikidata.org/entity/Q219625$921579
=650  \0$aManuscript$1http://www.wikidata.org/entity/Q87167$92275
=651  \0$aBerlin (Germany)$1http://www.wikidata.org/entity/Q64$948
=700  \\$4cur$aMeyer, Hellmut$921134
=942  \\$cBOO
=952  \\$00$10$2ddc$40$6BIB_4_000000000000000_DE_BER$70$8BIB$99503$aORPH$bORPH$cKTS0$d2020-07-08$eKoopman$i41D31$l0$oBIB4 DE.BER$p20120141$r2021-01-12 00:00:00$w2021-01-12$yBOO
=999  \\$d9515

