=LDR  01031pam a2200241 a 4500
=001  9516
=005  20250926134855.0
=008  970226s1997\\\\mdu\\\\\\bi\\\001\0\ger\\
=020  \\$a0810833298 (cloth : alk. paper)
=040  \\$aOI
=041  0\$ager$gengger
=100  \\$aMeyer, Ulrich,$d-1933$912749
=245  10$aBiblical quotation and allusion in the cantata libretti of Johann Sebastian Bach /$cUlrich Meyer.
=260  \\$aLanham, MD :$bScarecrow Press,$c1997.
=300  \\$axxxiv, 223 p. ;$c23 cm.
=546  \\$aIn German; introd. in English and German.
=504  \\$aIncludes bibliographical references and indexes.
=600  \0$aBach, Johann Sebastian$d1685-1750$1http://www.wikidata.org/entity/Q1339$94766
=650  00$aBible$1http://www.wikidata.org/entity/Q1845$921581
=942  \\$cBOO
=952  \\$00$10$40$6BIO_BACH1_E$70$8BIO$99504$aORPH$bORPH$cKTS1_P$d2020-07-08$eKoopman$i32A02$oBIO BACH1 e$p20121003$r2021-01-12 00:00:00$w2021-01-12$yBOO$OKoopman
=999  \\$c9516$d9516
=490  \\$aStudies in liturgical musicology ;$vno. 5

