=LDR  00895nam a2200205 a 4500
=001  9525
=005  20251003085457.0
=008  910620s1990\\\\fr\\\\\\\b\\\\000\0\fre\\
=020  \\$a2878410521
=040  \\$aOI
=245  10$aRépertoire de la musique pour harpe publiée du XVIIe au début du XIXe siècle
=260  \\$aParis $bAux amateurs de livres international$bDiffusion Klincksieck$c1990
=300  \\$a285 pages$c25 cm.
=650  \0$aHarp$1http://www.wikidata.org/entity/Q47369$93542
=650  \0$aCatalogue$1http://www.wikidata.org/entity/Q2352616$921484
=700  \\$aLesure, François$4edt$1http://www.wikidata.org/entity/Q2426092$917727
=700  \\$aMichel, Catherine$d1948-$4edt$912757
=942  \\$cBOO
=952  \\$00$10$2ddc$40$6INS_5_000000000000000_3A_MICH$70$8INS$99513$aORPH$bORPH$cKTS0$d2020-07-08$eKoopman$i21C02$oINS5.3a MICH$p20128195$r2021-01-12 00:00:00$w2021-01-12$yBOO
=999  \\$d9525

