=LDR  00930aam a2200193   4500
=001  9526
=008  241217s1944\\\\|||a||||\||||\00|\0\fre\d
=100  \\$aMichel, Edouard$912758$4aut
=245  \\$aL'École Flamande du XVe siècle au Musée du Louvre
=260  \\$c1944$aBrussels$bEditions du Cercle d'Art
=300  \\$a100-190 pages
=610  \0$aMusée du Louvre (Paris, France)$1http://www.wikidata.org/entity/Q19675$91554
=648  \0$a15th Century (1401-1500)$1http://www.wikidata.org/entity/Q7018$921015
=650  \0$aFine art$1http://www.wikidata.org/entity/Q219625$921579
=651  \0$aFlanders (Belgium)$1http://www.wikidata.org/entity/Q234$989
=651  \0$aParis (France)$1http://www.wikidata.org/entity/Q90$9160
=942  \\$cBOO
=952  \\$00$10$2ddc$40$6TOP_BE_FLA_4_000000000000000$70$8TOP$99514$aORPH$bORPH$cKTS0$d2020-07-08$eKoopman$i31F09$l0$oTOP BE.FLA 4$p20123165$r2021-01-12 00:00:00$w2021-01-12$yBOO$OKoopman
=999  \\$d9526

