=LDR  01352aab a2200253   4500
=001  9527
=008  210401s1919\\\\\\\|||||\||||\00|\0\ger\d
=041  \\$ager
=100  \\$aMichel, H.$4aut$912759
=245  \\$aRanieri Calzabigi als Dichter von Musikdramen und als Kritiker.$bMit einer biographischen Einleitung
=260  \\$aLeipzig$bBreitkopf & Härtel$bGluck-Gesellschaft$c1919
=500  \\$aInaugural-Dissertation, Leipzig; offprint from Gluck-Jahrbuch, vol. 4, 99-171
=600  \0$aCalzabigi, Ranieri de'$d1714-1795$1http://www.wikidata.org/entity/Q1310912$911158
=600  \0$aGluck, Christoph Willibald$d1714-1787$1http://www.wikidata.org/entity/Q130759$96111
=648  \0$a18th Century (1701-1800)$1http://www.wikidata.org/entity/Q7015$920899
=650  \0$aLibretto$1http://www.wikidata.org/entity/Q131084$94031
=650  \0$aPoet$1http://www.wikidata.org/entity/Q49757$92954
=650  \0$aOpera$1http://www.wikidata.org/entity/Q1344$92468
=650  \0$aMusic criticism$1http://www.wikidata.org/entity/Q11748889$921598
=651  \0$aItaly$1http://www.wikidata.org/entity/Q38$922
=651  \0$aVienna (Austria)$1http://www.wikidata.org/entity/Q1741$920937
=942  \\$cBOO
=952  \\$00$10$2ddc$40$6BIO_CALZ_E$70$8BIO$99515$aORPH$bORPH$cKTS1_P$d2020-07-08$eKoopman$i44E37$l0$oBIO CALZ e$p20126561$r2021-01-12 00:00:00$w2021-01-12$yBOO
=999  \\$d9527

