=LDR  01046aam a2200217   4500
=001  9529
=005  20251003085457.0
=008  230419s1966\\\\||||||||\c|||\00|\0dger\d
=041  \\$ager
=100  \\$aScholz-Michelitsch, Helga$4aut$913929
=245  \\$aDas Klavierwerk von Georg Christoph Wagenseil:$bThematischer Katalog
=260  \\$aVienna$bÖsterreichische Akademie der Wissenschaften$c1966
=490  \\$aTabulæ Musicæ Austriacæ$vIII
=600  \0$1http://www.wikidata.org/entity/Q79104$aWagenseil, Georg Christoph$d1715-1777$913930
=648  \0$1http://www.wikidata.org/entity/Q7015$a18th Century (1701-1800)$920899
=650  \0$aKeyboard music$1http://www.wikidata.org/entity/Q105715630$921412
=650  \0$aCatalogue$1http://www.wikidata.org/entity/Q2352616$921484
=651  \0$1http://www.wikidata.org/entity/Q1741$aVienna (Austria)$920937
=942  \\$cBOO
=952  \\$00$10$2ddc$40$6BIO_WAGE_C$70$8BIO$99517$aORPH$bORPH$cKTS1_P$d2020-07-08$eKoopman$i23A16_III$l0$oBIO WAGE c$p20128500$r2021-01-12 00:00:00$w2021-01-12$yBOO$OKoopman
=999  \\$d9529

