=LDR  01366ccm a2200325 a 4500
=001  9531
=005  20250122164604.0
=008  040511m20032004xr\uua|\\i\\\\\n\\|\lat\d
=024  2\$aM260102101
=028  20$aH 7837$bEditio Bärenreiter Praga
=028  20$aH 7880$bEditio Bärenreiter Praga
=028  20$aH 7979$bEditio Bärenreiter Praga
=040  \\$aOI
=041  0\$gcze$gger$geng
=100  \\$aMichna z Otradovic, Adam$dc. 1600-1676$4cmp$1http://www.wikidata.org/entity/Q350426$912763
=245  10$aOfficium vespertinum
=250  \\$a1st ed.
=260  \\$aPrague$bBärenreiter$c2003-4
=300  \\$a1 score (3 v.) ;$c31 cm.
=490  1\$aCompositiones / Adam Michna z Otradovic$v6-8
=505  1\$av. 1. Psalmi I -- v. 2. Psalmi II -- v. 3. Compositiones ad honorem B.M.V. ; Falsi burdoni.
=648  \0$a17th Century (1601-1700)$1http://www.wikidata.org/entity/Q7016$920923
=650  \0$aVespers$1http://www.wikidata.org/entity/Q827135$93370
=650  \0$aPsalm$1http://www.wikidata.org/entity/Q12497663$92164
=651  \0$aCzech Republic$1http://www.wikidata.org/entity/Q213$921253
=700  \\$aSehnal, Jiří$d1931-$4edt$912765
=700  \\$aBělský, Vratislav$4edt$912766
=942  \\$cSCO
=952  \\$00$10$2ddc$40$6SCO_MICH$70$8SCO$99519$aORPH$bORPH$cKTS1_P$d2020-07-08$eKoopman$oSCO MICH$p20124272$r2021-01-12 00:00:00$w2021-01-12$ySCO
=999  \\$d9531

