=LDR  01146    a2200253   4500
=001  9540
=003  OSt
=005  20250821130544.0
=008  210209s1996\\\\\\\|||||\||||\00|\0\ger\d
=040  \\$cST
=041  \\$ager
=100  \\$4aut$aMielke, Andreas$921805
=245  \\$aUntersuchungen zur Alternatim-Orgelmesse
=260  \\$aKassel$bBärenreiter$c1996
=300  \\$a2 vols. (259+681 pages)
=600  \0$aHaydn, Joseph$d1732-1809$1http://www.wikidata.org/entity/Q7349$94783
=648  \0$a18th Century (1701-1800)$1http://www.wikidata.org/entity/Q7015$920899
=650  \0$aMass$1http://www.wikidata.org/entity/Q217295$92735
=650  \0$aOrgan music$1http://www.wikidata.org/entity/Q2003283$91951
=650  \0$aMusic history$1http://www.wikidata.org/entity/Q846047$921373
=942  \\$cBOO
=952  \\$00$10$2ddc$3Band I$40$6GEN_4_000000000000000$70$8GEN$99528$aORPH$bORPH$cKM12_1$d2020-07-08$eKoopman$l0$oGEN4$p20128614$r2021-01-12 00:00:00$w2021-01-12$yBOO
=952  \\$00$10$2ddc$3Band II$40$6GEN_4_000000000000000$70$8GEN$99529$aORPH$bORPH$cKM12_1$d2020-07-08$eKoopman$l0$oGEN4$p20128613$r2021-01-12 00:00:00$w2021-01-12$yBOO
=999  \\$c9540$d9540

