=LDR  00514    a2200145   4500
=001  9542
=005  20250120120053.0
=041  \\$ager
=100  \\$aMies, Paul$4aut$916834
=245  \\$aDas instrumentale Rezitativ.$bVon seiner Geschichte und seine Formen.
=260  \\$c1968$aBonn$bH. Bouvier u. Co.
=300  \\$a92 pages
=942  \\$cBOO$2ddc
=952  \\$00$10$2ddc$40$6GEN_15_000000000000000$70$8GEN$99530$aORPH$bORPH$cKM12_1$d2020-07-08$eKoopman$i44B01$l0$oGEN 15$p20126711$r2021-01-12 00:00:00$w2021-01-12$yBOO
=999  \\$c9542$d9542

