=LDR  01224nam a2200253Ia 4500
=001  9546
=005  20250925143258.0
=008  230131s1951\\\\\\\\\\\\\\\\\\\\\\0\dut
=041  \\$adut
=100  \\$aMijksenaar, P. J.$912775$4aut
=245  \0$aAmsterdam.$bVerleden (1275-1900), Heden (1900-1950), Toekomst (1950-2000)
=260  \\$aAmsterdam$bBrecht$c1951
=561  \\$aAutograph signature by the author; ex libris A. J. Koot
=648  \0$aMiddle Ages (500-1400)$1http://www.wikidata.org/entity/Q12554$920964
=648  \0$aRenaissance (1400-1600)$1http://www.wikidata.org/entity/Q4692$920965
=648  \0$a17th Century (1601-1700)$1http://www.wikidata.org/entity/Q7016$920923
=648  \0$a18th Century (1701-1800)$1http://www.wikidata.org/entity/Q7015$920899
=648  \0$a19th Century (1801-1900)$1http://www.wikidata.org/entity/Q6955$920935
=648  \0$a20th Century (1901-2000)$1http://www.wikidata.org/entity/Q6927$920936
=650  \0$aHistory$1http://www.wikidata.org/entity/Q309$921403
=651  \0$aAmsterdam (Netherlands)$1http://www.wikidata.org/entity/Q727$9135
=942  \\$cBOO
=952  \\$00$10$2ddc$40$6TOP_NL_AMS$70$8TOP$99534$aORPH$bORPH$cKTS0$d2020-07-08$eKoopman$i34E15$oTOP NL.AMS$p20120814$yBOO
=999  \\$d9546

