=LDR  01424aam a2200301   4500
=001  9548
=008  250616r19961985|||oaf||\||||\001\0\fre\d
=020  \\$a9780853727897
=041  \\$afre
=100  \\$aMiller, Malcolm$912778$4aut
=245  \\$aLa Cathédrale de Chartres
=260  \\$c1985$aHampshire$bPitkin Guides
=300  \\$a96 pages
=500  \\$adiscusses in detail the stained glass windows and sculptures of Chartres Cathedral
=610  \0$aNotre-Dame de Chartres (France)$1http://www.wikidata.org/entity/Q180274$91556
=648  \0$aMiddle Ages (500-1400)$1http://www.wikidata.org/entity/Q12554$920964
=648  \0$aRenaissance (1400-1600)$1http://www.wikidata.org/entity/Q4692$920965
=650  \0$aArchitecture$1http://www.wikidata.org/entity/Q12271$93185
=650  \0$aChurch$1http://www.wikidata.org/entity/Q16970$93776
=650  \0$aCatholicism$1http://www.wikidata.org/entity/Q1841$921631
=650  \0$aApplied arts$1http://www.wikidata.org/entity/Q2865882$921627
=650  \0$aInterior design$1http://www.wikidata.org/entity/Q179232$921367
=651  \0$aChartres (France)$1http://www.wikidata.org/entity/Q130272$939682
=700  \\$aHalliday, Sonia$4pht$940389
=700  \\$aLushington, Laura$4pht$940390
=942  \\$cBOO
=952  \\$00$10$2ddc$40$6TOP_FR_CHA$70$8TOP$99536$aORPH$bORPH$cKTS0$d2020-07-08$eKoopman$i21G19$l0$oTOP FR.CHA$p20125568$r2021-01-12 00:00:00$w2021-01-12$yBOO$OKoopman
=999  \\$d9548

