=LDR  00968cam a2200241 a 4500
=001  9549
=005  20250121142125.0
=008  880224r19851981fr\fag\\\b\\\\001\0\fre\\
=020  \\$a2051006903
=040  \\$aOI
=041  \\$afre
=100  \\$aMilliot, Sylvette$4aut$912779
=245  13$aLe violoncelle en France au XVIIIe siècle
=260  \\$aParis$bChampion$aGenève$bSlatkine$c1985
=300  \\$av-743-xlix pages; [42] pages of plates$c23 cm
=504  \\$aBibliography: p. 17-38.
=648  \0$a18th Century (1701-1800)$1http://www.wikidata.org/entity/Q7015$920899
=650  \0$aCello$1http://www.wikidata.org/entity/Q8371$92688
=650  \0$aMusic history$1http://www.wikidata.org/entity/Q846047$921373
=651  \0$aFrance$1http://www.wikidata.org/entity/Q142$9131
=942  \\$cBOO
=952  \\$00$10$2ddc$40$6INS_4_000000000000000_3A_FR$70$8INS$99537$aORPH$bORPH$cKTS0$d2020-07-08$eKoopman$i21C10$oINS4.3a FR$p20128229$r2021-01-12 00:00:00$w2021-01-12$yBOO
=999  \\$d9549

