=LDR  01176cam a2200289 a 4500
=001  9550
=005  20250121142125.0
=008  930920s1991\\\\fr\acfg\\bk\\\001\0bfre\\
=020  \\$a2213027773
=040  \\$aOI
=041  \\$afre
=245  10$aMarin Marais
=260  \\$aParis$bFayard$c1991
=300  \\$a288 pages$c23 cm
=504  \\$aDiscography: p. [276]-279.
=504  \\$aIncludes bibliographical references (p. [263]-275) and index.
=600  \0$aMarais, Marin$d1656-1728$1http://www.wikidata.org/entity/Q213519$912780
=648  \0$a17th Century (1601-1700)$1http://www.wikidata.org/entity/Q7016$920923
=648  \0$a18th Century (1701-1800)$1http://www.wikidata.org/entity/Q7015$920899
=650  \0$aComposer$1http://www.wikidata.org/entity/Q36834$93625
=650  \0$aBiography$1http://www.wikidata.org/entity/Q36279$91927
=651  \0$aFrance$1http://www.wikidata.org/entity/Q142$9131
=700  \\$aMilliot, Sylvette$4aut$912779
=700  \\$aLa Gorce, Jérôme de$4aut$911211
=942  \\$cBOO
=952  \\$00$10$2ddc$40$6BIO_MARA_D$70$8BIO$99538$aORPH$bORPH$cKTS1_P$d2020-07-08$eKoopman$i28B23$oBIO MARA d$p20123630$r2021-01-12 00:00:00$w2021-01-12$yBOO
=999  \\$d9550

