=LDR  00839aam a2200193   4500
=001  9552
=008  240303s1964\\\\||||||||\||||\00|\p\eng\d
=041  \\$aeng
=100  \\$aMilton, John$d1608-1674$1http://www.wikidata.org/entity/Q79759$4aut$96038
=245  \\$aThe Complete English Poems of John Milton
=260  \\$aNew York, NY$bWashington Square Press$c1964
=300  \\$axii-466 pages
=648  \0$a17th Century (1601-1700)$1http://www.wikidata.org/entity/Q7016$920923
=650  \0$aPoetry$1http://www.wikidata.org/entity/Q482$93026
=651  \0$aUnited Kingdom$1http://www.wikidata.org/entity/Q21$9273
=700  \\$aJump, J. D.$4edt$927140
=942  \\$cBOO
=952  \\$00$10$2ddc$40$6LIT_MILT_A$70$8LIT$99540$aORPH$bORPH$cKM12_2_H$d2020-07-08$eKoopman$i40A12$l1$oLIT MILT a$p20120350$r2025-09-10 15:47:32$s2025-08-29$w2021-01-12$yBOO
=999  \\$d9552

