=LDR  02030nam a2200337 c 4500
=001  9553
=005  20250925143258.0
=008  180213s2005\\\\\\\a|||\\||||\01|||dger\d
=040  \\$aOI
=041  0\$ager
=245  10$aIch will Opfer darbringen in seinem Zelt, Opfer mit Jubel; dem Herrn will ich singen und spielen:$cFestschrift zum 200-jährigen Jubiläum der Pfarrei St. Alexander und Theodor Ottobeuren und des Kirchenchores im jahre 2005
=260  \\$aOttobeuren$bPfarrei St. Alexander und Theodor$c2005
=300  \\$a172 pages$billustrations, diagram
=590  \\$aHerausgegeben von der Pfarrei St. Alexander und Theodor Ottobeuren und "Pro Arte Ottobeuren". Förderverein für Orgelkonzerte und kirchenmusik e.V.
=610  \0$aBenediktiner-Abtei Ottobeuren (Germany)$1http://www.wikidata.org/entity/Q702001$91344
=610  \0$aBenedictines$1http://www.wikidata.org/entity/Q131132$921364
=648  \0$a19th Century (1801-1900)$1http://www.wikidata.org/entity/Q6955$920935
=648  \0$a20th Century (1901-2000)$1http://www.wikidata.org/entity/Q6927$920936
=648  \0$a21st Century (2001-2100)$1http://www.wikidata.org/entity/Q6939$920812
=650  \0$aMonastery$1http://www.wikidata.org/entity/Q44613$926216
=650  \0$aChurch$1http://www.wikidata.org/entity/Q16970$93776
=650  \0$aChoir$1http://www.wikidata.org/entity/Q131186$93338
=650  \0$aChurch music$1http://www.wikidata.org/entity/Q8812109$1http://www.wikidata.org/entity/Q1065742$92283
=650  \0$aMusic history$1http://www.wikidata.org/entity/Q846047$921373
=650  \0$aCatholicism$1http://www.wikidata.org/entity/Q1841$921631
=651  \0$aOttobeuren (Germany)$1http://www.wikidata.org/entity/Q532455$924014
=700  \\$aSchaber, Johannes$d1967-$4edt$927331
=700  \\$aMiltschitzky, Josef Edwin$d1958-$4edt$927330
=942  \\$cBOO
=952  \\$00$10$2ddc$40$6TOP_DE_OTT_6_000000000000000$70$8TOP$99541$aORPH$bORPH$cKTS0$d2020-07-08$eKoopman$i25D35$l0$oTOP DE.OTT 6$p20129322$r2021-01-12 00:00:00$w2021-01-12$yBOO$OKoopman
=999  \\$d9553

