=LDR  01649aam a2200277   4500
=001  9554
=005  20251022131506.0
=008  220428s2008\\\\gw\a||||\||||\00|\0\ger\d
=041  \\$ager
=100  \\$aMiltschitzky, Josef E.$4aut$912784
=245  \\$aOrgelbauer und Orgeln in Ottobeuren
=260  \\$aWeimar$bs.n.$c2008
=300  \\$a2 volumes (874 pages)
=500  \\$aPhotocopied Doctoral Dissertation. Printed 2 pages per sheet 
=590  \\$aInaugural-Dissertation zur Erlangung der Doktorwürde vorgelegt im gemeinsamen Institut für Musikwissenschaft der Hochschule für Musik "Franz Liszt", Weimar, und der Friedrich-Shiller-Universität Jena im Sommersemester 2008
=600  \0$aRiepp, Karl Joseph$d1710-1775$1http://www.wikidata.org/entity/Q97862$924016
=610  \0$1http://www.wikidata.org/entity/Q702001$aBenediktiner-Abtei Ottobeuren (Germany)$91344
=648  \0$a18th Century (1701-1800)$1http://www.wikidata.org/entity/Q7015$920899
=650  \0$aOrgan$1http://www.wikidata.org/entity/Q1444$92810
=650  \0$aOrganology$1http://www.wikidata.org/entity/Q899293$921400
=650  \0$aMonastery$1http://www.wikidata.org/entity/Q44613$926216
=651  \0$aOttobeuren (Germany)$1http://www.wikidata.org/entity/Q532455$924014
=942  \\$cBOO
=952  \\$00$10$2ddc$3Band l$40$6INS_3_000000000000000_1A_DE_OTT$70$8INS$99542$aORPH$bORPH$cKTS0$d2020-07-08$eKoopman$i41E27$oINS3.1a DE.OTT$p20122086$r2021-01-12 00:00:00$w2021-01-12$yBOO
=952  \\$00$10$2ddc$3Band ll$40$6INS_3_000000000000000_1A_DE_OTT$70$8INS$921478$aORPH$bORPH$cKTS0$d2020-07-08$eKoopman$i41E27$oINS3.1a DE.OTT$p20122087$r2022-04-28 00:00:00$w2021-01-12$yBOO
=999  \\$d9554

