=LDR  01302aam a2200229   4500
=001  9556
=008  220502s2011\\\\gw\|||||\||||\00|\0\ger\d
=041  \\$ager
=100  \\$aMiltschitzky, Josef E.$4aut$912784
=245  \\$aOttobeuren, ein europäisches Orgelzentrum:$bOrgelbauer, Orgeln und überlieferte Orgelmusik
=260  \\$aAmsterdam$bUniversiteit van Amsterdam$c2011
=300  \\$a2 vols. (973 pages)
=500  \\$aPrinted doctoral dissertation in 2 books
=590  \\$aInaugural Dissertation zur Erlangung der Doktorwürde vorgelegt an der Universität van Amsterdam im Wintersemester 2011
=650  \0$aOrgan$1http://www.wikidata.org/entity/Q1444$92810
=650  \0$aOrganology$1http://www.wikidata.org/entity/Q899293$921400
=650  \0$aOrgan music$1http://www.wikidata.org/entity/Q2003283$91951
=651  \0$aOttobeuren (Germany)$1http://www.wikidata.org/entity/Q532455$924014
=942  \\$cBOO
=952  \\$00$10$2ddc$3Band l$40$6INS_3_000000000000000_1A_DE_OTT$70$8INS$99544$aORPH$bORPH$cKTS0$d2020-07-08$eKoopman$i41E28_01$oINS3.1a DE.OTT$p20122084$r2021-01-12 00:00:00$w2021-01-12$yBOO
=952  \\$00$10$2ddc$3Band lI$40$6INS_3_000000000000000_1A_DE_OTT$70$8INS$921483$aORPH$bORPH$cKTS0$d2020-07-08$eKoopman$i41E28_02$oINS3.1a DE.OTT$p20122085$r2022-05-02 00:00:00$w2021-01-12$yBOO
=999  \\$d9556

