=LDR  01518cam a2200289 i 4500
=001  9559
=008  130522s2012\\\\fr\ao\\\\b\\\\000\0\fre\|
=041  \\$afre
=100  \\$aMinois, Danielle$912786
=245  14$aLes vitraux de Troyes XIIe-XVIIe siècle
=260  \\$aLangres$bÉditions Dominique Guéniot$c2012
=300  \\$a159 pages
=490  0\$aGuides Acanthe. Champagne-Ardenne$v1
=504  \\$aIncludes bibliographical references (pages 157-158).
=610  \0$aRoman Catholic Diocese of Troyes (Troyes, France)$1http://www.wikidata.org/entity/Q877516$924164
=610  \0$aCathédrale Saint-Pierre-et-Saint-Paul de Troyes (France)$1http://www.wikidata.org/entity/Q2443243$940426
=648  \0$aMiddle Ages (500-1400)$1http://www.wikidata.org/entity/Q12554$920964
=648  \0$aRenaissance (1400-1600)$1http://www.wikidata.org/entity/Q4692$920965
=648  \0$a17th Century (1601-1700)$1http://www.wikidata.org/entity/Q7016$920923
=650  \0$aApplied arts$1http://www.wikidata.org/entity/Q2865882$921627
=650  \0$aIconography$1http://www.wikidata.org/entity/Q208145$921259
=650  \0$aCatholicism$1http://www.wikidata.org/entity/Q1841$921631
=650  \0$aChurch$1http://www.wikidata.org/entity/Q16970$93776
=651  \0$aTroyes (France)$1http://www.wikidata.org/entity/Q5489$924163
=942  \\$cBOO
=952  \\$00$10$2ddc$40$6TOP_FR__TRO_3_000000000000000$70$8TOP$99547$aORPH$bORPH$cKTS0$d2020-07-08$eKoopman$i43B06$l0$oTOP FR. TRO 3$p20127246$r2021-01-12 00:00:00$w2021-01-12$yBOO$OKoopman
=999  \\$d9559

