=LDR  01077aam a2200217   4500
=001  9560
=008  250902s1988\\\\||||||||\||||\00|\0\ita\d
=041  \\$aita
=100  \\$aMioli, Piero$1http://www.wikidata.org/entity/Q56488552$920213$4aut
=245  \\$aA voce sola:$bstudi sulla cantata italiana del XVII secolo$nI$pFirenze, Venezia, Roma
=260  \\$aFlorence$bSPES$c1988
=490  \\$aArchivum Musicum, Collana di studi$vD
=648  \0$a17th Century (1601-1700)$1http://www.wikidata.org/entity/Q7016$920923
=650  \0$aCantata$1http://www.wikidata.org/entity/Q174873$921603
=650  \0$aMusic history$1http://www.wikidata.org/entity/Q846047$921373
=651  \0$aFlorence (Italy)$1http://www.wikidata.org/entity/Q2044$9248
=651  \0$aVenice (Italy)$1http://www.wikidata.org/entity/Q641$91
=651  \0$aRome (Italy)$1http://www.wikidata.org/entity/Q220$949
=942  \\$cBOO
=952  \\$00$10$2ddc$40$6TOP_IT_FLO_5_000000000000000$70$8TOP$99548$aORPH$bORPH$cKTS0$d2020-07-08$eKoopman$i29C11$l0$oTOP IT.FLO 5$p20123473$r2021-01-12 00:00:00$w2021-01-12$yBOO$OKoopman
=999  \\$d9560

