=LDR  00943    a2200229   4500
=001  9566
=005  20251003085458.0
=008  220221s1963\\\\it\|||||\||||\00|\0\ita\d
=041  \\$aita
=100  \\$aMischiati, Oscar$4aut$912792
=245  \\$aL'Intavolatura d'organo Tedesca della Biblioteca Nazionale di Torino
=260  \\$c1963$aTurin$bL'Organo
=300  \\$a155 pages
=336  \\$aprinted
=490  \\$aRivista di cultura organaria e organistica$vAnno IV - 1963
=650  \0$aOrgan$1http://www.wikidata.org/entity/Q1444$92810
=650  \0$aOrgan music$1http://www.wikidata.org/entity/Q2003283$91951
=650  \0$aCatalogue$1http://www.wikidata.org/entity/Q2352616$921484
=651  \0$aItaly$1http://www.wikidata.org/entity/Q38$922
=942  \\$cBOO
=952  \\$00$10$2ddc$40$6INS_3_100000000000000_A_IT_TUR$70$8INS$99554$aORPH$bORPH$cKTS0$d2020-07-08$eKoopman$i44D23$oINS 3.1 a IT.TUR$p20126616$r2021-01-12 00:00:00$w2021-01-12$yBOO
=999  \\$d9566

