=LDR  00362    a2200109   4500
=001  9568
=100  \\$aMischiati, Oscar$912792
=245  \\$aAdriano Banchieri (1568-1635)
=260  \\$c1972
=942  \\$cBOO
=952  \\$00$10$2ddc$40$6BIO_BANC1_D$70$8BIO$99556$aORPH$bORPH$cKTS1_P$d2020-07-08$eKoopman$i46E34$oBIO BANC1 d$p20126929$r2021-01-12 00:00:00$w2021-01-12$yBOO
=999  \\$c9568$d9568

