=LDR  00371    a2200109   4500
=001  9570
=100  \\$aMitjana, R.$912794
=245  \\$aNuevos Documentos Relativos a Jua
=260  \\$c1914
=942  \\$cBOO
=952  \\$00$10$2ddc$40$6BIO_ENCI_B$70$8BIO$99558$aORPH$bORPH$cKTS1_P$d2020-07-08$eKoopman$i28C26$l0$oBIO ENCI b$p20121414$r2021-01-12 00:00:00$w2021-01-12$yBOO$OKoopman
=999  \\$c9570$d9570

