=LDR  01346aam a2200277   4500
=001  9572
=005  20251003085458.0
=008  230428s2006\\\\||||||||\c|||\00|\0\ger\d
=020  \\$a9783700137344
=041  \\$ager
=100  \\$aMitterschiffthaler, K.$912795$4aut
=245  \\$aDas Musikarchiv des Stiftes Vorau:$bDie Handschriften (18.-20. Jh.)
=260  \\$aVienna$bVerlag der Österreichischen Akademie der Wissenschaften$c2006
=490  \\$aTabulæ Musicæ Austriacæ$vXV
=610  \0$1http://www.wikidata.org/entity/Q770954$aStift Vorau (Austria)$926129
=648  \0$1http://www.wikidata.org/entity/Q7015$a18th Century (1701-1800)$920899
=648  \0$1http://www.wikidata.org/entity/Q6955$a19th Century (1801-1900)$920935
=648  \0$1http://www.wikidata.org/entity/Q6927$a20th Century (1901-2000)$920936
=650  \0$aLibrary$1http://www.wikidata.org/entity/Q7075$94229
=650  \0$aMonastery$926216
=650  \0$aManuscript$1http://www.wikidata.org/entity/Q87167$92275
=650  \0$aCatalogue$1http://www.wikidata.org/entity/Q2352616$921484
=651  \0$1http://www.wikidata.org/entity/Q41358$aStyria (Austria)$926130
=942  \\$cBOO
=952  \\$00$10$2ddc$40$6BIB_4_000000000000000_AT_VOR$70$8BIB$99560$aORPH$bORPH$cKTS0$d2020-07-08$eKoopman$i35A12$l0$oBIB4 AT.VOR$p20122545$r2021-01-12 00:00:00$w2021-01-12$yBOO$OKoopman
=999  \\$d9572

