=LDR  02256aam a2200217   4500
=001  9575
=008  230524s2006\\\\||||||||\||||\00|\0\ger\d
=020  \\$a9783201018654
=041  \\$ager
=100  1\$aMoens-Haenen, Greta$1http://www.wikidata.org/entity/Q1545947$4aut$912798
=245  \\$aDeutsche Violintechnik im 17. Jahrhundert
=260  \\$c2006$aAkademische Druck & Verlagsanstalt$bGraz
=300  \\$a240 pages
=520  \\$aSince the beginning of the 1970s, there have been heated discussions about the "correct" violin posture, about "genuine" baroque violin playing. In what respect the method naturalised today actually corresponds to baroque practice or whether it is rather a matter of modern dogma is examined in this book on the basis of contemporary sources.

Of far greater importance than the question of violin posture with or without supports, however, is the "constant extended musical stroke" (the slow and regular stroke that makes use of the entire length of the bow), through the mastery and perfection of which the violinist of the 17th century emancipated himself socially. Here too - as with violin posture - our generation of musicians ran the risk of slipping into one-sided dogmatism through uncritical examination of the source material.

 The author researched the surviving practice material, searched through large stocks of music and also dealt intensively with the theoretical writings on this subject that have been handed down to us.  The quintessence of this study: there is no clear answer to the question of "the" baroque playing technique. But findings that were previously considered to be well-founded are justifiably doubted, and others that one does not want to imagine in this way are put up for discussion.
=648  \0$1http://www.wikidata.org/entity/Q7016$a17th Century (1601-1700)$920923
=650  \0$aViolin$1http://www.wikidata.org/entity/Q8355$92783
=650  \0$aPerformance$1http://www.wikidata.org/entity/Q6942562$926223
=651  \0$1http://www.wikidata.org/entity/Q183$aGermany$9155
=942  \\$cBOO
=952  \\$00$10$2ddc$40$6INS_4_000000000000000_1D_MOEN$70$8INS$99563$aORPH$bORPH$cKTS0$d2020-07-08$eKoopman$i38C02$l0$oINS4.1d MOEN$p20120447$r2021-01-12 00:00:00$w2021-01-12$yBOO$OKoopman
=999  \\$d9575

