=LDR  01025aam a2200217   4500
=001  9577
=005  20251009083432.0
=008  220429s1899\\\\||||||||\||||\00|\0\dut\d
=041  \\$adut
=100  \\$aMoerkerken, P. H. van$4aut$912800
=245  \\$aHet Nederlandsch kluchtspel in de 17de eeuw
=260  \\$aSneek$bvan Druten$c1899
=300  \\$a2 vols.
=648  \0$a17th Century (1601-1700)$1http://www.wikidata.org/entity/Q7016$920923
=650  \0$aTheater history$1http://www.wikidata.org/entity/Q1061140$94607
=650  \0$aComedy$1http://www.wikidata.org/entity/Q40831$921436
=651  \0$aNetherlands$1http://www.wikidata.org/entity/Q55$9173
=942  \\$cBOO
=952  \\$00$10$2ddc$3vol. 1$40$6TOP_NL_5_000000000000000$70$8TOP$99565$aORPH$bORPH$cKTS0$d2020-07-08$eKoopman$i21E34$oTOP NL 5$p20125451$r2021-01-12 00:00:00$w2021-01-12$yBOO
=952  \\$00$10$2ddc$3vol. 2$40$6TOP_NL_5_000000000000000$70$8TOP$99566$aORPH$bORPH$cKTS0$d2020-07-08$eKoopman$i21E34$oTOP NL 5$p20125450$r2021-01-12 00:00:00$w2021-01-12$yBOO
=999  \\$d9577

