=LDR  01124aam a2200253   4500
=001  9582
=008  220223s1987\\\\|||gao||\bc||\00|\0dger\d
=041  \\$ager
=100  \\$aMohr, Klaus$4aut$912804
=245  \\$aDie Musikgeschichte des Klosters Fürstenfeld
=246  \1$aMusik in bayerischen Klöstern II
=260  \\$aRegensburg$bBosse$c1987
=300  \\$a151 pages
=490  \\$aSchriftenreihe der Hochschule für Musik in München$v8
=610  \0$aZisterzienserkloster Fürstenfeld (Germany)$1http://www.wikidata.org/entity/Q315489$923732
=610  \0$aCistercians$1http://www.wikidata.org/entity/Q166861$923733
=648  \0$aPast$1http://www.wikidata.org/entity/Q192630$922196
=650  \0$aMonastery$926216
=650  \0$aChurch music$1http://www.wikidata.org/entity/Q8812109$92283
=650  \0$aMusic history$1http://www.wikidata.org/entity/Q846047$921373
=651  \0$aFürstenfeldbruck$1http://www.wikidata.org/entity/Q16003$940014
=942  \\$cBOO
=952  \\$00$10$2ddc$40$6TOP_DE_FUR$70$8TOP$99570$aORPH$bORPH$cKTS0$d2020-07-08$eKoopman$i20E04$oTOP DE.FUR$p20125377$r2021-01-12 00:00:00$w2021-01-12$yBOO
=999  \\$d9582

