=LDR  00957    a2200193   4500
=001  9584
=008  211119s1956\\\\\\\|||||\||||\00|\0\dut\d
=041  \\$adut
=100  \\$aMohrmann, Christine$4aut$912806
=245  \\$aHet middeleeuws latijn als substraat van Westeuropese cultuur
=260  \\$aUtrecht$aAntwerp$bSpectrum$c1956
=300  \\$a29 pages
=590  \\$aRede uitgesproken bij de aanvaarding van het ambt van buitengewoon hoogleraar in het vulgair, oud-christelijk, laat en middeleeuws latijn aan de Universiteit van Amsterdam op maandag 30 januari 1956
=648  \0$aMiddle Ages (500-1400)$1http://www.wikidata.org/entity/Q12554$920964
=650  \0$aLatin$1http://www.wikidata.org/entity/Q397$93992
=650  \0$aLinguistics$1http://www.wikidata.org/entity/Q8162$93902
=942  \\$cBOO
=952  \\$00$10$2ddc$40$6LIT_MOHR_A$70$8LIT$99572$aORPH$bORPH$cKM12_1$d2020-07-08$eKoopman$i43B19$oLIT MOHR a$p20127233$r2021-01-12 00:00:00$w2021-01-12$yBOO
=999  \\$d9584

