=LDR  01311aam a2200229   4500
=001  9586
=008  220708s2009\\\\||||||||\||||\00|\0\eng\d
=041  \\$aeng
=100  \\$aMole, Peter G.$4aut$912807
=245  \\$aThe English Spinet with Particular Reference to the Schools of Keene and Hitchcock
=260  \\$aEdinburgh$bUniversity of Edinburgh$c2009
=300  \\$a3 volls (563 pages)
=500  \\$aPrinted copy of an online PhD dissertation
=648  \0$a18th Century (1701-1800)$1http://www.wikidata.org/entity/Q7015$920899
=650  \0$aSpinet$1http://www.wikidata.org/entity/Q623941$924515
=650  \0$aOrganology$1http://www.wikidata.org/entity/Q899293$921400
=651  \0$aUnited Kingdom$1http://www.wikidata.org/entity/Q21$9273
=942  \\$cDIS
=952  \\$00$10$2ddc$3Vol. 1$40$6INS_3_000000000000000_2B_GB$70$8INS$99574$aORPH$bORPH$cKTS0$d2020-07-08$eKoopman$i43C22$oINS3.2b GB$p20127186$r2021-01-12 00:00:00$w2021-01-12$yBOO
=952  \\$00$10$2ddc$3Vol. 2$40$6INS_3_000000000000000_2B_GB$70$8INS$99575$aORPH$bORPH$cKTS0$d2020-07-08$eKoopman$i43C22$oINS3.2b GB$p20127185$r2021-01-12 00:00:00$w2021-01-12$yBOO
=952  \\$00$10$2ddc$3Vol. 3$40$6INS_3_000000000000000_2B_GB$70$8INS$99576$aORPH$bORPH$cKTS0$d2020-07-08$eKoopman$i43C22$oINS3.2b GB$p20127184$r2021-01-12 00:00:00$w2021-01-12$yBOO
=999  \\$d9586

