=LDR  00897    a2200205   4500
=001  9590
=008  221221s1987\\\\nl\a||||\||||\00|\0\dut\d
=022  \\$a01681893
=041  \\$adut
=100  \\$aMolenaar, Dirk M. J.$4aut$919434
=245  \\$aHet Orgel in de hervormde kerk te Ulrum
=260  \\$c1987$aGroningen$bStichting Groningen Orgelland
=300  \\$a31 pages
=610  \0$aHervormde Kerk (Ulrum, Netherlands)$1http://www.wikidata.org/entity/Q2618976$925493
=650  \0$aOrgan$1http://www.wikidata.org/entity/Q1444$92810
=650  \0$aOrganology$1http://www.wikidata.org/entity/Q899293$921400
=651  \0$aUlrum (Netherlands)$1http://www.wikidata.org/entity/Q2498325$925492
=942  \\$cBOO
=952  \\$00$10$2ddc$40$6INS_3_000000000000000_1E_NL_ULR$70$8INS$99578$aORPH$bORPH$cKTS0$d2020-07-08$eKoopman$i21B24$l0$oINS3.1e NL.ULR$p20128415$r2021-01-12 00:00:00$w2021-01-12$yBOO$OKoopman
=999  \\$d9590

