=LDR  00837    a2200193   4500
=001  9593
=008  231006s2011\\\\nl\a||||\||||\00|\0\dut\d
=041  \\$adut
=100  \\$aMolenaar, Dirk M. J.$919434$4aut
=245  \\$aHet Arp Schnitger-orgel te Mensingeweer
=260  \\$c2011$aMensingeweer$bStichting tot behoud van het Arp Schnitger Orgel
=300  \\$a45 pages
=600  \0$1http://www.wikidata.org/entity/Q60787$aSchnitger, Arp$d1648-1719$910906
=610  \0$aMichaelkerk (Mensingeweer, Netherlands)$926584
=650  \0$1http://www.wikidata.org/entity/Q1444$aOrgan$92810
=651  \0$926585$aMensingeweer (Netherlands)
=942  \\$cBOO
=952  \\$00$10$2ddc$40$6INS_3_000000000000000_1E_NL_MEN$70$8INS$99581$aORPH$bORPH$cKTS0$d2020-07-08$eKoopman$i42A05$l0$oINS3.1e NL.MEN$p20122148$r2021-01-12 00:00:00$w2021-01-12$yBOO$OKoopman
=999  \\$d9593

