=LDR  01377cam a2200313 a 4500
=001  9597
=005  20250120120212.0
=008  940921s1993\\\\gw\h\\\\\b\\\\001\0dger\\
=010  \\$a   94210843 
=020  \\$a376181027X
=035  \\$a(OCoLC)28861265
=040  \\$aCU$cCU$dOO$dDLC
=041  \\$ager
=100  \\$aMöller-Weiser, Dietlind$4aut$912815
=245  10$aUntersuchungen zum I. Band des Syntagma musicum von Michael Praetorius
=260  \\$aKassel$aNew York$bBärenreiter$c1993
=300  \\$a214 p. :$bfacsims. ;$c22 cm.
=490  \\$aDetmold-Paderborner Beiträge zur Musikwissenschaft$v3
=490  \\$aBärenreiter Hochschulschriften$v3
=504  \\$aIncludes bibliographical references (p. 140-148) and index.
=600  \0$aPraetorius, Michael$d1571-1621$1http://www.wikidata.org/entity/Q108278$97239
=648  \0$a17th Century (1601-1700)$1http://www.wikidata.org/entity/Q7016$920923
=650  \0$aMusic theory$1http://www.wikidata.org/entity/Q193544$92662
=650  \0$aChurch music$1http://www.wikidata.org/entity/Q8812109$92283
=650  \0$aLute$1http://www.wikidata.org/entity/Q180733$93944
=651  \0$aGermany$1http://www.wikidata.org/entity/Q183$9155
=942  \\$cBOO
=952  \\$00$10$2ddc$40$6BIO_PRAE_E$70$8BIO$99585$aORPH$bORPH$cKTS1_P$d2020-07-08$eKoopman$i24F42$l0$oBIO PRAE e$p20125843$r2021-01-12 00:00:00$w2021-01-12$yBOO
=999  \\$c9597$d9597

