=LDR  01298cam a2200253 a 4500
=001  9598
=005  20211001160119.0
=008  900201s1989\\\\gw\gh\\\\b\\\\000\0dger\\
=020  \\$a363140784X
=040  \\$aOI
=100  1\$aMöller, Dirk,$d1951-
=245  10$aBesetzung und Instrumentation in den Opern Georg Friedrich Händels /$cDirk Möller.
=260  \\$aFrankfurt am Main ;$aNew York :$bP. Lang,$cc1989.
=300  \\$aix, 231 p. :$bmusic, facsims. ;$c22 cm.
=490  1\$aEuropäische Hochschulschriften. Reihe XXXVI, Musikwissenschaft,$x0721-3611 ;$vBd. 38 =$aPublications universitaires européennes. Série XXXVI, Musicologie ;$vvol. 38 =$aEuropean university studies. Series XXXVI, Musicology ;$vvol. 38
=500  \\$aOriginally presented as the author's thesis (doctoral)--Universität Hamburg, 1988.
=504  \\$aIncludes bibliographical references (p. 214-231).
=600  10$aHandel, George Frideric,$d1685-1759.$tOperas.
=650  \0$aOpera.
=650  \0$aInstrumentation and orchestration.
=830  \0$aEuropäische Hochschulschriften.$nReihe XXXVI,$pMusikwissenschaft ;$vBd. 38.
=952  \\$00$10$2ddc$40$6BIO_HAND_E$70$8BIO$99586$aORPH$bORPH$cKTS1_P$d2020-07-08$eKoopman$i35B24$oBIO HAND e$p20120761$r2021-01-12 00:00:00$w2021-01-12$yBOO$OKoopman
=999  \\$c9598$d9598
=942  \\$cBOO

