=LDR  00373    a2200109   4500
=001  9599
=100  \\$aMompellio, F.$912817
=245  \\$aSigismondo d'India, musicista pal
=260  \\$c1956
=942  \\$cBOO
=952  \\$00$10$2ddc$40$6BIO_INDI_E$70$8BIO$99587$aORPH$bORPH$cKTS1_P$d2020-07-08$eKoopman$i23F45$l0$oBIO INDI e$p20128662$r2021-01-12 00:00:00$w2021-01-12$yBOO$OKoopman
=999  \\$c9599$d9599

