=LDR  01332nam a2200277 a 4500
=001  9601
=005  20250603154430.0
=008  850607s1984\\\\gw\g\\\\\b\\\\001\0\fre\\
=020  \\$a3598105614
=040  \\$aOI
=041  \\$afre
=245  00$aCatalogue thématique des sources du grand motet Français (1663-1792)
=260  \\$aMunich$aNew York$bSaur$c1984
=300  \\$a234 pages$bmusic$c31 cm.
=504  \\$aIncludes bibliographies and indexes.
=590  \\$aCentre d'Études de la Musique Française aux XVIIIe et XIXe siècles, Université de Paris - Sorbonne, Bibliothèque Nationale.
Rédigé sous la direction de Jean R. Mongrédien.
=648  \0$a17th Century (1601-1700)$1http://www.wikidata.org/entity/Q7016$920923
=648  \0$a18th Century (1701-1800)$1http://www.wikidata.org/entity/Q7015$920899
=650  \0$aMotet$1http://www.wikidata.org/entity/Q188285$92028
=650  \0$aBibliography$1http://www.wikidata.org/entity/Q134995$93965
=650  \0$aVocal music$1http://www.wikidata.org/entity/Q685884$93319
=651  \0$aFrance$1http://www.wikidata.org/entity/Q142$9131
=700  \\$aMongrédien, Jean$4edt$99139
=942  \\$cBOO
=952  \\$00$10$2ddc$40$6BIB_4_000000000000000_FR_5$70$8BIB$99589$aORPH$bORPH$cKTS0$d2020-07-08$eKoopman$i19A11$l0$oBIB4 FR 5$p20125165$r2021-01-12 00:00:00$w2021-01-12$yBOO
=999  \\$d9601

