=LDR  01103cam a22002414a 4500
=001  9606
=005  20250120120156.0
=008  010907s2001\\\\fr\a\\\\\b\\\\001\0bfre\\
=020  \\$a2271058791
=040  \\$aOI
=100  \\$aMontagnier, Jean-Paul$912822
=245  10$aCharles-Hubert Gervais :$bUn musicien au service du Régent et de Louis XV /$cJean-Paul C. Montagnier.
=260  \\$aParis :$bCNRS,$cc2001.
=300  \\$a321 p. :$bill. ;$c24 cm.
=504  \\$aIncludes list of Gervais' works (p. [265]-296), bibliographical references (p. [297]-310), and index.
=600  \0$aGervais, Charles-Hubert$d1671-1744$1http://www.wikidata.org/entity/Q327875$912823
=650  \0$aComposer$1http://www.wikidata.org/entity/Q36834$93625
=651  \0$aFrance$1http://www.wikidata.org/entity/Q142$9131
=651  \0$aFrance$1http://www.wikidata.org/entity/Q142$9131
=942  \\$cBOO
=952  \\$00$10$2ddc$40$6BIO_GERV_D$70$8BIO$99594$aORPH$bORPH$cKTS1_P$d2020-07-08$eKoopman$i35A19$l0$oBIO GERV d$p20122538$r2021-01-12 00:00:00$w2021-01-12$yBOO$OKoopman
=999  \\$c9606$d9606
=490  \\$aCollection Sciences de la musique

