=LDR  00977    a2200241   4500
=001  9608
=005  20250925143258.0
=008  210928s1981\\\\-ukaf|||\||||\00|\0\eng\d
=020  \\$a0715379941
=041  \\$aeng
=245  \\$aThe World of Romantic & Modern Musical Instruments
=260  \\$c1981$aLondon$bNewton Abbot
=300  \\$a136 pages
=561  \\$aEx Libris Ton Koopman
=648  \0$a18th Century (1701-1800)$1http://www.wikidata.org/entity/Q7015$920899
=648  \0$a19th Century (1801-1900)$1http://www.wikidata.org/entity/Q6955$920935
=648  \0$a20th Century (1901-2000)$1http://www.wikidata.org/entity/Q6927$920936
=650  \0$aOrganology$1http://www.wikidata.org/entity/Q899293$921400
=651  \0$aEurope$1http://www.wikidata.org/entity/Q46$991
=700  \\$4aut$aMontagu, Jeremy$99645
=942  \\$cBOO
=952  \\$00$10$2ddc$40$6INS_1A$70$8INS$99596$aORPH$bORPH$cKTS0$d2020-07-08$eKoopman$i19E18$oINS1a$p20125295$r2021-01-12 00:00:00$w2021-01-12$yBOO
=999  \\$d9608

