=LDR  01075cam a2200241 a 4500
=001  9611
=005  20250120120054.0
=008  940110s1994\\\\ctua\\\\\b\\\\001\0\eng\\
=020  \\$a0300058918
=040  \\$aOI
=041  0\$aengfre
=100  \\$aMontagu, Jennifer$912826
=245  14$aThe expression of the passions :$bthe origin and influence of Charles Le Brun's Conférence sur l'expression générale et particulière /$cJennifer Montagu.
=260  \\$aNew Haven :$bYale University Press,$c1994.
=300  \\$axiv, 234 p. :$bill. ;$c28 cm.
=504  \\$aIncludes bibliographical references (p. 221-230) and index.
=600  \0$aLe Brun, Charles,$d1619-1690.$912827
=650  \0$aEmotion$1http://www.wikidata.org/entity/Q9415$921566
=650  \0$aFine art$1http://www.wikidata.org/entity/Q219625$921579
=650  \0$aFine art$1http://www.wikidata.org/entity/Q219625$921579
=942  \\$cBOO
=952  \\$00$10$2ddc$40$6BIO_LEBR_E$70$8BIO$99599$aORPH$bORPH$cKTS1_P$d2020-07-08$eKoopman$i41E02$oBIO LEBR e$p20122112$r2021-01-12 00:00:00$w2021-01-12$yBOO$OKoopman
=999  \\$c9611$d9611

