=LDR  01408nam a22002897i 4500
=001  9612
=003  OI
=005  20250120120941.0
=008  050110s1955\\\\fr\||||||\\\\|||||\|||||c
=040  \\$bOI
=041  \7$afre
=100  \\$aMontaigne, Michel de$d1533-1592$1http://www.wikidata.org/entity/Q41568$4aut$919483
=240  10$aJournal de voyage en Italie par la Suisse et l'Allemagne en 1580 et 1581
=245  10$aJournal de voyage en Italie$bpar la Suisse et l'Allemagne en 1580 et 1581
=260  \\$aParis$bGarnier$c1955
=300  \\$axxxii-298 pages$c19 cm
=490  \\$aCollection des "Classiques Garnier"
=590  \\$aavec les principales variantes des autres editions, une introduction, un appendice et des notes par Maurice Rat. Nouvelle edition etablie sur le texte de l'edition originale posthume de 1774
=648  \0$a16th Century (1501-1600)$1http://www.wikidata.org/entity/Q7017$920944
=650  \0$aTravel$1http://www.wikidata.org/entity/Q61509$94440
=650  \0$aDiary$1http://www.wikidata.org/entity/Q185598$921711
=651  \0$aSwitzerland$1http://www.wikidata.org/entity/Q39$920954
=651  \0$aGermany$1http://www.wikidata.org/entity/Q183$9155
=700  \\$aRat, Maurice$4edt$927422
=942  \\$cBOO
=952  \\$00$10$2ddc$40$6BIO_MONT3_A$70$8BIO$99600$aORPH$bORPH$cKTS1_P$d2020-07-08$eKoopman$i20D03$oBIO MONT3 a$p20125337$r2021-01-12 00:00:00$w2021-01-12$yBOO$OKoopman
=999  \\$d9612

