=LDR  01018    a2200217   4500
=001  9613
=008  211221s1967\\\\\\\|||||\||||\00|\0\fre\d
=041  \\$afre
=100  \\$aMontaigne, Michel de$d1533-1592$4aut$1http://www.wikidata.org/entity/Q41568$919483
=245  \\$aApologie de Raimond Sebond
=260  \\$aParis$bGallimard$c1967
=600  \0$aRaymond of Sabunde$d?-1436$1http://www.wikidata.org/entity/Q947994$923300
=648  \0$aMiddle Ages (500-1400)$1http://www.wikidata.org/entity/Q12554$920964
=648  \0$a17th Century (1601-1700)$1http://www.wikidata.org/entity/Q7016$920923
=650  \0$aPhilosophy$1http://www.wikidata.org/entity/Q5891$92357
=651  \0$aSpain$1http://www.wikidata.org/entity/Q29$920983
=651  \0$aFrance$1http://www.wikidata.org/entity/Q142$9131
=700  \\$4edt$aSacy, S. S. de$923299
=942  \\$cBOO
=952  \\$00$10$2ddc$40$6PHI_SEBO_B_MONT$70$8PHI$99601$aORPH$bORPH$cKM12_3_2$d2020-07-08$eKoopman$i40H31$oPHI SEBO b MONT$p20122187$r2021-01-12 00:00:00$w2021-01-12$yBOO
=999  \\$d9613

