=LDR  00332    a2200109   4500
=001  9618
=100  \\$aMontaigne$912828
=245  \\$aEssais
=260  \\$c1939
=942  \\$cBOO
=952  \\$00$10$2ddc$40$6PHI_MONT_A$70$8PHI$99606$aORPH$bORPH$cKM12_3_2$d2020-07-08$eKoopman$i44D33$oPHI MONT a$p20126606$r2021-01-12 00:00:00$w2021-01-12$yBOO
=999  \\$c9618$d9618

