=LDR  01147nam a2200241 p 4500
=001  9619
=008  790516r19761836sz\afg\\\b\\\\000\0\fre\\
=020  \\$a2826606239 :$c80.00F
=041  \\$afre
=100  \\$aMontal, Claude$d1800-1865$4aut$1http://www.wikidata.org/entity/Q1096977$925761
=245  12$aL'Art d'accorder soi-même son piano
=260  \\$aGenève$aParis$bMinkoff$c1976$c1836
=300  \\$axvi-252 pages- [4] leaves of plates$bill., music$c23 cm
=500  \\$aReprint of the 1836 ed. published by J. Meissonnier, Paris.
=504  \\$aIncludes bibliographical references.
=648  \0$a19th Century (1801-1900)$1http://www.wikidata.org/entity/Q6955$920935
=650  \0$aMethod$1http://www.wikidata.org/entity/Q2250960$921402
=650  \0$aPiano$1http://www.wikidata.org/entity/Q5994$92127
=650  \0$aTuning$1http://www.wikidata.org/entity/Q858576$921655
=651  \0$aFrance$1http://www.wikidata.org/entity/Q142$9131
=942  \\$cBOO
=952  \\$00$10$2ddc$40$6INS_3_000000000000000_3C_MONT$70$8INS$99607$aORPH$bORPH$cKTS0$d2020-07-08$eKoopman$i21E19$l0$oINS3.3c MONT$p20125465$r2021-01-12 00:00:00$w2021-01-12$yBOO$OKoopman
=999  \\$d9619

