=LDR  00996nam a2200241 a 4500
=001  9621
=005  20250120120131.0
=008  960924s1996\\\\ne\a\\\\\b\\\\001\0ddut\\
=020  \\$a9065505350
=040  \\$aOI
=041  0\$adut
=100  \\$aMonteiro, Marit$4aut$912843
=245  10$aGeestelijke maagden:$bleven tussen klooster en wereld in Noord-Nederland gedurende de zeventiende eeuw
=260  \\$aHilversum$bVerloren$c1996
=300  \\$a415 p. :$bill. ;$c24 cm.
=504  \\$aIncludes bibliographical references (p. [373]-397) and index.
=546  \\$aSummary in English.
=648  \0$a17th Century (1601-1700)$1http://www.wikidata.org/entity/Q7016$920923
=651  \0$aNetherlands$1http://www.wikidata.org/entity/Q55$9173
=942  \\$cBOO
=952  \\$00$10$2ddc$40$6TOP_NL_5_000000000000000$70$99609$aORPH$bORPH$cLOC_UNK$d2020-07-08$eKoopman$i21D32$l0$oTOP NL 5$p20128270$r2021-01-12 00:00:00$w2021-01-12$yBOO
=999  \\$c9621$d9621
=650  \0$aReligion$1http://www.wikidata.org/entity/Q9174$93062

