=LDR  00975aam a2200217   4500
=001  9622
=008  221207s1964\\\\||||||||\||||\00|\i\fre\d
=041  \\$afre
=100  \\$aMontesquieu, Charles de Secondat$d1689-1755$4aut$1http://www.wikidata.org/entity/Q15975$97138
=245  \\$aLettres persanes
=260  \\$aParis$bGarnier-Flammarion$c1964
=534  \\$aOriginally published in 1721
=648  \0$a18th Century (1701-1800)$1http://www.wikidata.org/entity/Q7015$920899
=650  \0$aCorrespondence$1http://www.wikidata.org/entity/Q1784733$921392
=650  \0$aEnlightenment$1http://www.wikidata.org/entity/Q12539$94532
=650  \0$aCuckoo$1http://www.wikidata.org/entity/Q18845$922474
=651  \0$aFrance$1http://www.wikidata.org/entity/Q142$9131
=700  \\$4edt$aRoger, Jacques$920026
=942  \\$cBOO
=952  \\$00$10$2ddc$40$6LIT_MONT_A$70$8LIT$99610$aORPH$bORPH$cKM12_2_H$d2020-07-08$eKoopman$i40C05$oLIT MONT a$p20120294$r2021-01-12 00:00:00$w2021-01-12$yBOO
=999  \\$d9622

