=LDR  01540cam a2200313 a 4500
=001  9623
=005  20250121142125.0
=008  890828s1988\\\\gw\\\\\\\bk\\\000\0\ita\\
=020  \\$a3499183986
=040  \\$aOI
=041  \\$ager$dita
=245  10$aOrfeo / Claudio Monteverdi. Orpheus und Eurydike / Christoph Willibald Gluck:$cTexte, Materialien, Kommentare
=260  \\$aReinbek bei Hamburg$bRowohlt$c1988
=300  \\$a330 pages$c20 cm.
=490  0\$aRororo Opernbücher
=504  \\$aIncludes bibliographical references and discographies.
=600  \0$aOrpheus$1http://www.wikidata.org/entity/$911156
=600  \0$aMonteverdi, Claudio$d1567-1643$1http://www.wikidata.org/entity/Q53068$910794
=600  \0$aGluck, Christoph Willibald$d1714-1787$1http://www.wikidata.org/entity/Q130759$96111
=600  \0$aStriggio, Alessandro$d1573-1630$cthe Younger$1http://www.wikidata.org/entity/Q1334439$912849
=600  \0$aCalzabigi, Ranieri de'$d1714-1795$1http://www.wikidata.org/entity/Q1310912$911158
=648  \0$a17th Century (1601-1700)$1http://www.wikidata.org/entity/Q7016$920923
=648  \0$a18th Century (1701-1800)$1http://www.wikidata.org/entity/Q7015$920899
=650  \0$aOpera$1http://www.wikidata.org/entity/Q1344$92468
=700  \\$aCsampai, Attila$d-1949$4edt$912847
=700  \\$aHolland, Dietmar$d1949-$4edt$912848
=942  \\$cBOO
=952  \\$00$10$2ddc$40$6BIO_MONT2_E$70$8BIO$99611$aORPH$bORPH$cKTS1_P$d2020-07-08$eKoopman$i21C50$l1$oBIO MONT2 e$p20128233$r2021-09-29 00:00:00$s2021-09-28$w2021-01-12$yBOO
=999  \\$d9623

