=LDR  01110aam a2200229   4500
=001  9624
=008  220920s1980\\\\||||||||\||||\00|\iaeng\d
=020  \\$a0571115519
=041  \\$aeng
=100  \\$aMonteverdi, Claudio$d1567-1643$4crp$1http://www.wikidata.org/entity/Q53068$910794
=245  \\$aThe Letters of Claudio Monteverdi
=260  \\$aLondon$aBoston, MA$bFaber and Faber$c1980
=648  \0$a17th Century (1601-1700)$1http://www.wikidata.org/entity/Q7016$920923
=648  \0$a18th Century (1701-1800)$1http://www.wikidata.org/entity/Q7015$920899
=650  \0$aComposer$1http://www.wikidata.org/entity/Q36834$93625
=650  \0$aInstrumentalist$1http://www.wikidata.org/entity/Q1278335$921706
=650  \0$aCorrespondence$1http://www.wikidata.org/entity/Q1784733$921392
=651  \0$aVenice (Italy)$1http://www.wikidata.org/entity/Q641$91
=700  \\$4edt$4trl$aStevens, Denis$d1922-2004$914232
=942  \\$cBOO
=952  \\$00$10$2ddc$40$6BIO_MONT2_A$70$8BIO$99612$aORPH$bORPH$cKTS1_P$d2020-07-08$eKoopman$i23B27$l1$oBIO MONT2 a$p20128532$r2024-01-31 00:00:00$s2024-01-31$w2021-01-12$yBOO$OKoopman
=999  \\$d9624

