=LDR  00438    a2200109   4500
=001  9625
=100  \\$aMonteverdi, Claudio$d1567-1643$1http://www.wikidata.org/entity/Q53068$910794
=245  \\$aLettere dediche e prefazioni
=260  \\$c1973
=942  \\$cBOO
=952  \\$00$10$2ddc$40$6BIO_MONT2_A$70$8BIO$99613$aORPH$bORPH$cKTS1_P$d2020-07-08$eKoopman$i31A23$l1$oBIO MONT2 a$p20121149$r2024-01-31 00:00:00$s2024-01-31$w2021-01-12$yBOO$OKoopman
=999  \\$c9625$d9625

