=LDR  01662nam a22002537a 4500
=001  9628
=005  20250925143258.0
=008  920622s1992\\\\ne\\\\\\\\\\\\000\0\dut\\
=020  \\$a9025469760
=040  \\$aOI
=041  \\$adut
=100  \\$aMoor, Margriet de$d1941-$1http://www.wikidata.org/entity/Q272711$912856$4aut
=245  10$aEerst grijs dan wit dan blauw.$bRoman
=260  \\$aAmsterdam$bContact$c1992
=300  \\$a283 pages$c20 cm
=520  \\$aHet is maandagochtend. Een oogarts vindt de vrouw met wie hij een buitenechtelijke affaire beleefde liggend op de grond, in een rooddoorweekt, kanten hemd. Ze is door messteken om het leven gebracht. Drie jaar eerder. Een man ontdekt dat zijn vrouw zonder een woord het huis heeft verlaten. Ze blijft jaren weg. Bij terugkomst weigert ze ook maar iets over haar avonturen te vertellen. Een bus-, trein-, boot- en vliegreis. Een vrouw gaat terug naar de plekken die haar leven kleurden. Het is vrijdagochtend. Een autistische jongen verheugt zich op een begrafenis. De overledene zette hem op het spoor van wat zijn leven zou beheersen: de sterren. 
=561  \\$aHandwritten dedication from the author
=648  \0$a20th Century (1901-2000)$1http://www.wikidata.org/entity/Q6927$920936
=650  \0$aNovel$1http://www.wikidata.org/entity/Q8261$921629
=650  \0$aDeath$1http://www.wikidata.org/entity/Q4$94425
=651  \0$aNetherlands$1http://www.wikidata.org/entity/Q55$1http://www.wikidata.org/entity/Q29999$9173
=942  \\$cBOO
=952  \\$00$10$2ddc$40$6LIT_MOOR_A$70$8LIT$99616$aORPH$bORPH$cKM12_2_H$d2020-07-08$eKoopman$i31D03$oLIT MOOR a$p20121085$r2021-01-12 00:00:00$w2021-01-12$yBOO
=999  \\$d9628

