=LDR  01642aam a2200253   4500
=001  9629
=005  20250925143258.0
=008  250613s1993\\\\||||||||\||||\00|\f\dut\d
=020  \\$a9789025402303
=041  \\$adut
=100  \\$aMoor, Margriet de$d1941-$1http://www.wikidata.org/entity/Q272711$912856$4aut
=245  \\$aDe virtuoos
=250  \\$a1st ed.
=260  \\$aAmsterdam$bContact$c1993
=520  \\$aDe virtuoos is een liefdesverhaal dat zich afspeelt in en rondom de koetsen, kerken en afgelegen havens van het achttiende-eeuwse Napels. De Napolitaanse hertogin Carlotta zit in een met kaarsen verlichte loge om zich daar een seizoen lang te laten betoveren door de zingende stem van de mannelijke sopraan Gasparo. Zijn deugd schuilt niet in zijn karakter maar in de kunst, zijn virtuositeit. Het verhaal speelt in een omgeving en periode waarin nagedacht en gediscussieerd wordt over de nieuwe tijd en het moderne denken. Maar niets is sterker dan de muziek – of het zou de liefde moeten zijn. 
=561  \\$aHandwritten dedication from the author
=648  \0$a20th Century (1901-2000)$1http://www.wikidata.org/entity/Q6927$920936
=650  \0$aNovel$1http://www.wikidata.org/entity/Q8261$921629
=650  \0$aCastrato$1http://www.wikidata.org/entity/Q210970$92704
=651  \0$aNetherlands$1http://www.wikidata.org/entity/Q55$1http://www.wikidata.org/entity/Q29999$9173
=651  \0$aNaples (Italy)$1http://www.wikidata.org/entity/Q2634$921
=942  \\$cBOO
=952  \\$00$10$2ddc$40$6LIT_MOOR_A$70$8LIT$99617$aORPH$bORPH$cKM12_2_H$d2020-07-08$eKoopman$i38D31$oLIT MOOR a$p20122374$r2021-01-12 00:00:00$w2021-01-12$yBOO
=999  \\$d9629

