=LDR  01298aam a2200229   4500
=001  9631
=008  250613s1961\\\\|||g||||\||||\00|\0beng\d
=041  \\$aeng
=100  \\$aMoore, Robert E.$912858$4aut
=245  \\$aHenry Purcell & the Restoration Theatre
=260  \\$aLondon$bHeinemann$c1961
=600  \0$aPurcell, Henry$d1659-1695$1http://www.wikidata.org/entity/Q9695$95840
=648  \0$a17th Century (1601-1700)$1http://www.wikidata.org/entity/Q7016$920923
=650  \0$aComposer$1http://www.wikidata.org/entity/Q36834$93625
=650  \0$aPlay (theater)$1http://www.wikidata.org/entity/Q25379$921414
=650  \0$aMasque$1http://www.wikidata.org/entity/Q2207959$923174
=651  \0$aLondon (United Kingdom)$1http://www.wikidata.org/entity/Q84$9123
=700  \\$aWestrup, Jack Allen$d1904-1975$1http://www.wikidata.org/entity/Q6115732$4win$915002
=856  \\$3Archive.org$uhttps://www.google.com/url?sa=t&source=web&rct=j&opi=89978449&url=https://archive.org/download/henrypurcellrest00moor/henrypurcellrest00moor.pdf&ved=2ahUKEwjn4tzu--2NAxV2UKQEHR7bIZwQFnoECDwQAQ&usg=AOvVaw2CEACgFPvXA7fvEKltSTzQ
=942  \\$cBOO
=952  \\$00$10$2ddc$40$6BIO_PURC1_E$70$8BIO$99619$aORPH$bORPH$cKTS1_P$d2020-07-08$eKoopman$i23G14$oBIO PURC1 e$p20125774$r2021-01-12 00:00:00$w2021-01-12$yBOO$OKoopman
=999  \\$d9631

