=LDR  00930aam a2200217   4500
=001  9632
=005  20251003085458.0
=008  220207s1965\\\\be\af|||\||||\00|\0\mul\d
=041  \\$adut$aeng$dfre
=100  \\$aMoortgat, Gaby$4aut$912859
=245  \\$aOude Orgels in Vlaanderen$b= Alte Orgeln in Flandern = Old Organs in Flanders
=260  \\$aAntwerp$bBRT$c1965
=300  \\$a156 pages
=648  \0$aPast$1http://www.wikidata.org/entity/Q192630$922196
=650  \0$aOrgan$1http://www.wikidata.org/entity/Q1444$92810
=650  \0$aOrganology$1http://www.wikidata.org/entity/Q899293$921400
=650  \0$aCatalogue$1http://www.wikidata.org/entity/Q2352616$921484
=651  \0$aFlanders (Belgium)$1http://www.wikidata.org/entity/Q234$989
=942  \\$cBOO
=952  \\$00$10$2ddc$40$6INS_3_000000000000000_1A_BE$70$8INS$99620$aORPH$bORPH$cKTS0$d2020-07-08$eKoopman$i24B25$oINS3.1a BE$p20128812$r2021-01-12 00:00:00$w2021-01-12$yBOO
=999  \\$d9632

