=LDR  00749nam a2200169Ia 4500
=001  9633
=008  230131s1948\\\\\\\\\\\\\\\\\\\\\\0\fre
=041  \\$afre
=100  \\$aMooser, Robert Aloys$d1876-1969$1http://www.wikidata.org/entity/Q16677311$912860
=245  \0$aAnnales de la musique et des musiciens en Russie au XVIIIe siècle$nTome 1
=260  \\$aGeneva$bMont-Blanc$c1948
=648  \0$a18th Century (1701-1800)$1http://www.wikidata.org/entity/Q7015$920899
=650  \0$aMusic history$1http://www.wikidata.org/entity/Q846047$921373
=651  \0$aRussia$1http://www.wikidata.org/entity/Q159$921008
=942  \\$cBOO
=952  \\$00$10$40$6TOP_RU_5_000000000000000$70$8TOP$99621$aORPH$bORPH$cKTS0$eKoopman$i19A39$oTOP RU 5$p20125136$yBOO$d2020-07-08
=999  \\$d9633

