=LDR  00474    a2200121   4500
=001  9634
=020  \\$a8438103979
=100  \\$aMorales, Cristóbal de$dc. 1500-1553$4cmp$1http://www.wikidata.org/entity/Q360184$97259
=245  \\$aEl Códice polifónico de Santa Cla
=260  \\$c2004
=942  \\$cSCO
=952  \\$00$10$2ddc$40$6SCO_MISC_BARR$70$8SCO$99622$aORPH$bORPH$cKTS1_H$d2020-07-08$eKoopman$iW2288$l0$oSCO MISC BARR$p20124276$r2021-01-12 00:00:00$w2021-01-12$ySCO$OW.2288
=999  \\$c9634$d9634

