=LDR  01414aaa a2200253   4500
=001  9635
=005  20251003085458.0
=008  210927m19961997\\\ag|||\||||\00|\0\spa\d
=041  \\$aspa
=245  \\$aMúsica instrumental del siglo XVIII en el archivo de música del Monasterio de San Pedro de las Dueñas (León)
=260  \\$aZaragoza$bFernando el Catolico$c1996-97
=300  \\$a2 vols $bpages 283-313 and 123-146
=490  \\$aRevista Aragonesa de Musicologia$vXII-2; XIII, 1-2
=610  \0$aMonasterio de San Pedro de las Dueñas (Sahagún, Spain)$1http://www.wikidata.org/entity/Q6021357$922292
=648  \0$a18th Century (1701-1800)$1http://www.wikidata.org/entity/Q7015$920899
=650  \0$aInstrumental music$1http://www.wikidata.org/entity/Q639197$92106
=650  \0$aCatalogue$1http://www.wikidata.org/entity/Q2352616$921484
=651  \0$aCastile and León (Spain)$1http://www.wikidata.org/entity/Q5739$923015
=700  \\$4aut$aMorales, Luisa$915100
=700  \\$4aut$aKenyon de Pascual, Beryl$922291
=942  \\$cBOO
=952  \\$00$10$2ddc$31a parte$40$6BIB_4_000000000000000_ES_SAN$70$8BIB$99623$aORPH$bORPH$cKTS0$d2020-07-08$eKoopman$i20E52$oBIB4 ES.SAN$p20125382$r2021-01-12 00:00:00$w2021-01-12$yBOO
=952  \\$00$10$2ddc$32a parte$40$6BIB_4_000000000000000_ES_SAN$70$8BIB$99624$aORPH$bORPH$cKTS0$d2020-07-08$eKoopman$i22C42$oBIB4 ES.SAN$p20125686$r2021-01-12 00:00:00$w2021-01-12$yBOO
=999  \\$d9635

