=LDR  00565aam a2200145   4500
=001  9639
=008  220708s1977\\\\||||||||\||||\00|\0\und\d
=100  \\$aMorawski, J.$4edt$912864
=245  \\$aMusica medii ævi$nVI
=260  \\$aCracow$aWarsaw$bPWM$c1977
=648  \0$aMiddle Ages (500-1400)$1http://www.wikidata.org/entity/Q12554$920964
=650  \0$aMusic history$1http://www.wikidata.org/entity/Q846047$921373
=942  \\$cBOO
=952  \\$00$10$2ddc$40$70$8COLL_UNK$99627$aORPH$bORPH$cLOC_UNK$d2020-07-08$eKoopman$i20E40$p20125394$r2021-01-12 00:00:00$w2021-01-12$yBOO
=999  \\$d9639

