=LDR  01316    a2200277   4500
=001  9640
=005  20250926134855.0
=008  210705e1984\\\\\\\||nn|\||||\00|\0\ger\d
=040  \\$aMB
=041  \\$ager
=100  \\$aBach, Johann Sebastian$d1685-1750$4cmp$1http://www.wikidata.org/entity/Q1339$94766
=245  \\$aKritischer Bericht: Kantaten zum 2. und 3. Sonntag nach Trinitatis
=260  \\$c1984$aGermany$bBärenreiter
=300  \\$a2 vols. (xii-229-[1]+188 pages)$bmusic
=336  \\$aprinted
=490  \\$aNeue Ausgabe Sämtlicher Werke$vSerie I: Kantaten 16
=648  \0$a18th Century (1701-1800)$1http://www.wikidata.org/entity/Q7015$920899
=650  \0$aLute$1http://www.wikidata.org/entity/Q180733$93944
=650  \0$aCantata$1http://www.wikidata.org/entity/Q174873$921603
=651  \0$aGermany$1http://www.wikidata.org/entity/Q183$9155
=700  \\$aMoreen, Robert$d1945-$4edt$1http://www.wikidata.org/entity/Q106314464$921852
=700  \\$aBozarth, George S.$d1947-$4edt$1http://www.wikidata.org/entity/Q72941166$921853
=700  \\$aPaul Brainard$d1928-2004$4edt$1http://www.wikidata.org/entity/Q59528164$921854
=942  \\$cSCO
=952  \\$00$10$2ddc$40$6SCO_BACH1$70$8SCO$99628$aORPH$bORPH$cKTS1_P$d2020-07-08$eKoopman$i29A01$l0$oSCO BACH1$p20123532$r2021-01-12 00:00:00$yTYPE_UNK
=999  \\$c9640$d9640

