=LDR  01165cam a2200265 a 4500
=001  9641
=005  20250120120054.0
=008  930827s1991\\\\gw\\\\\\\b\\\\001\0\ita\\
=020  \\$a3890071945
=040  \\$aOI
=041  \\$ager
=100  \\$aMorelli, Arnaldo$4aut$912866
=245  13$aIl tempio armonico:$bmusica nell'Oratorio dei Filippini in Roma (1575-1705)
=260  \\$aLaaber$bLaaber-Verlag$c1991
=300  \\$ax-216 pages$c24 cm
=490  \\$aAnalecta musicologica$v27
=504  \\$aIncludes bibliographical references (p. [203]-208) and index.
=610  \0$aOratorio dei Filippini (Rome, Italy)$1http://www.wikidata.org/entity/Q266212$91478
=648  \0$a17th Century (1601-1700)$1http://www.wikidata.org/entity/Q7016$920923
=650  \0$aChurch music$1http://www.wikidata.org/entity/Q8812109$92283
=650  \0$aMusic history$1http://www.wikidata.org/entity/Q846047$921373
=651  \0$aRome (Italy)$1http://www.wikidata.org/entity/Q220$949
=942  \\$cBOO
=952  \\$00$10$2ddc$40$6TOP_IT_ROM_4_000000000000000$70$8TOP$99629$aORPH$bORPH$cKTS0$d2020-07-08$eKoopman$l0$oTOP IT.ROM 4$p20129453$r2021-01-12 00:00:00$w2021-01-12$yBOO$OKoopman TS
=999  \\$d9641

