=LDR  01475aam a2200289   4500
=001  9642
=005  20251103104238.0
=008  220812s1982\\\\|||ag|||\||||\00|\0\ita\d
=041  \\$aita
=100  \\$aMorelli, Giovanni$4edt$912867
=245  \\$aL'Inventione del Gusto Corelli e Vivaldi:$bMutazioni culturali, a Roma e Venezia, nel periodo post-barocco
=260  \\$aMilan$bRicordi$c1982
=300  \\$a214 pages
=490  \\$aEx Libris del Festival Vivaldi$v1
=600  \0$aCorelli, Arcangelo$d1653-1713$1http://www.wikidata.org/entity/Q164475$95351
=600  \0$aVivaldi, Antonio$d1678-1741$1http://www.wikidata.org/entity/Q1340$911980
=648  \0$a18th Century (1701-1800)$1http://www.wikidata.org/entity/Q7015$920899
=650  \0$aTaste$1http://www.wikidata.org/entity/Q1143012$922848
=650  \0$aMusical style$1http://www.wikidata.org/entity/Q11921029$92421
=650  \0$aLegacy$1http://www.wikidata.org/entity/Q623282$922131
=650  \0$aInfluence$1http://www.wikidata.org/entity/Q1307337$1http://www.wikidata.org/entity/Q16578639$922289
=650  \0$aCultural history$1http://www.wikidata.org/entity/Q858517$922395
=651  \0$aRome (Italy)$1http://www.wikidata.org/entity/Q220$949
=651  \0$aVenice (Italy)$1http://www.wikidata.org/entity/Q641$91
=942  \\$cBOO
=952  \\$00$10$2ddc$40$6TOP_IT_5_000000000000000$70$8TOP$99630$aORPH$bORPH$cKTS0$d2020-07-08$eKoopman$i23B08$l0$oTOP IT 5$p20128551$r2021-01-12 00:00:00$w2021-01-12$yBOO$OKoopman
=999  \\$d9642

