=LDR  01710aam a2200289   4500
=001  9647
=008  250107s1878\\\\||||||||\y|||\00|\0ddut\d
=041  \\$adut
=100  \\$aMoretus II, Jan$d1576-1618$1http://www.wikidata.org/entity/Q22001883$912872
=245  \\$aBoek gehouden door Jan Moretus II$bals deken der St. Lucasgilde (1616-1617)
=260  \\$c1878$aAntwerp$bKockx
=300  \\$axvii-108 pages
=490  \\$aMaatschappij der Antwerpsche Bibliophilen$vUitgave Nr.1
=500  \\$aJan II Moretus was a Flemish printer and head of the Antwerp Plantin printing house between 1610 and 1618. 
=500  \\$aThe Antwerp Guild of St Luke was the name of the Antwerp fraternity or guild of artists and art craftsmen with St. Luke as their patron saint. 
=610  \0$aMuseum Plantin-Moretus  (Antwerp, Belgium)$1http://www.wikidata.org/entity/Q595802$939366
=610  \0$aSint-Lucasgilde van Antwerpen$1http://www.wikidata.org/entity/Q18508801$939367
=648  \0$a17th Century (1601-1700)$1http://www.wikidata.org/entity/Q7016$920923
=650  \0$aBiography$1http://www.wikidata.org/entity/Q36279$91927
=650  \0$aApplied arts$1http://www.wikidata.org/entity/Q2865882$921627
=650  \0$aGuild$1http://www.wikidata.org/entity/Q170161$923332
=650  \0$aBookkeeping$1http://www.wikidata.org/entity/Q3707847$939368
=651  \0$aAntwerp (Belgium)$1http://www.wikidata.org/entity/Q12892$920974
=700  \\$aRooses, Max$d1839-1914$1http://www.wikidata.org/entity/Q2413334$4win$939365
=942  \\$cBOO
=952  \\$00$10$2ddc$40$6TOP_BE_ANT_5_000000000000000$70$8TOP$99635$aORPH$bORPH$cKTS0$d2020-07-08$eKoopman$i19F44$l0$oTOP BE.ANT 5$p20125228$r2021-01-12 00:00:00$w2021-01-12$yBOO$OKoopman
=999  \\$d9647

