=LDR  00901aam a2200193   4500
=001  9648
=008  250627s1986\\\\||||||||\||||\00|\f\ger\d
=020  \\$a3735200508
=041  \\$ager
=100  \\$aMörike, Eduard$d1804-1875$1http://www.wikidata.org/entity/Q63699$925141$4aut
=245  \\$aMozart auf der Reise nach Prag.$bNovelle
=260  \\$aRudolstadt$bGreifenverlag$c1986
=600  \0$aMozart, Wolfgang Amadeus$d1756-1791$1http://www.wikidata.org/entity/Q254$95341
=648  \0$a19th Century (1801-1900)$1http://www.wikidata.org/entity/Q6955$920935
=650  \0$aNovel$1http://www.wikidata.org/entity/Q8261$921629
=650  \0$aComposer$1http://www.wikidata.org/entity/Q36834$93625
=942  \\$cBOO
=952  \\$00$10$2ddc$40$6BIO_MOZA1_ELIT_MORI_A$70$8BIO$99636$aORPH$bORPH$cKTS1_P$d2020-07-08$eKoopman$i31D17$l0$oBIO MOZA1 e-->LIT MORI a$p20121069$r2021-01-12 00:00:00$w2021-01-12$yBOO$OKoopman
=999  \\$d9648

