=LDR  01957cam a22003371  4500
=001  9649
=005  20250820130240.0
=008  780421s1966\\\\enkgh\\\\b\\\\000\0\eng\\
=041  \\$aeng
=100  \\$aMorley, Thomas$d1557-?1603$4aut$1http://www.wikidata.org/entity/Q438141$95578
=245  12$aA Plain and Easy Introduction to Practical Music
=250  \\$a3rd ed.
=260  \\$aLondon$bDent$c1966
=300  \\$axxix-326 pages$e38 pages of photocopies
=500  \\$a"The various sections of the book have been arranged in a more convenient form ... All the pieces which Morley includes between the Peroratio and the Annotations have been omitted." Included are 2 motets by the author, Domine Fac mecum and Agnus Dei, each in Facsim. (part-books) and in modern transcription (score: SATB)
=500  \\$aContains a set of photocopies: 15 pages of handwritten resumé and 4 pages directly from the book
=534  \\$aOriginally published in 1597; this edition first published in 1952
=648  \0$a16th Century (1501-1600)$1http://www.wikidata.org/entity/Q7017$920944
=650  \0$aMethod$1http://www.wikidata.org/entity/Q2250960$921402
=650  \0$aMusic theory$1http://www.wikidata.org/entity/Q193544$92662
=650  \0$aCounterpoint$1http://www.wikidata.org/entity/Q186393$921487
=650  \0$aCanon$1http://www.wikidata.org/entity/Q53831$92130
=650  \0$aImprovisation$1http://www.wikidata.org/entity/Q1049625$93640
=650  \0$aComposing$1http://www.wikidata.org/entity/Q92186587$93076
=651  \0$aUnited Kingdom$1http://www.wikidata.org/entity/Q21$9273
=700  \\$aHarman, Alec$4edt$918536
=700  \\$aDart, Thurston$d1921-1971$4win$1http://www.wikidata.org/entity/Q963003$914832
=765  \\$aA Plaine and Easie Introduction to Practicall Musicke
=942  \\$cBOO
=952  \\$00$10$2ddc$40$6TRE_MORL$70$8TRE$99637$aORPH$bORPH$cKTS1_H$d2020-07-08$eKoopman$i31A19$oTRE MORL$p20121153$r2021-01-12 00:00:00$w2021-01-12$yBOO
=999  \\$d9649

