=LDR  00857    a2200193   4500
=001  9650
=008  230303s2013\\\\-usa||||\||||\00|\0\eng\d
=041  \\$aeng
=100  \\$aVarious$94793$4aut
=245  \\$aA New Organ for Hertz Hall. Inauguration of the 35-stop organ (3-manuals and pedals) built by The Noack Organ Company
=260  \\$c2013$aBerkeley$bUniversity of California
=300  \\$a15 pages
=650  \0$aOrgan$1http://www.wikidata.org/entity/Q1444$92810
=650  \0$aOrganology$1http://www.wikidata.org/entity/Q899293$921400
=651  \0$aBerkeley (CA, USA)$925797
=710  \\$aUniversity of California, Berkeley (CA, USA)$91307
=942  \\$cBOO
=952  \\$00$10$2ddc$40$6INS_3_000000000000000_1E_US_BER1$70$8INS$99638$aORPH$bORPH$cKTS0$d2020-07-08$eKoopman$i44D15$l0$oINS3.1e US.BER1$p20126624$r2021-01-12 00:00:00$w2021-01-12$yBOO$OKoopman
=999  \\$d9650

