=LDR  01258cam a2200277 a 4500
=001  9652
=008  880125s1987\\\\it\a\\\\\bc\\\000\0\ita\\
=020  \\$a8843523228
=041  \\$aita
=245  13$aIl Museo Stradivariano di Cremona
=260  \\$aMilan$bElecta$c1987
=300  \\$a129 pages$bill. (some col.) $c24 cm
=490  \\$aGuide artistiche Electa
=500  \\$aRevision of: Il catalogo dei cimeli stradivariani del Museo civico Ala Ponzone di Cremona which was published as a part of I segreti di Stradivari, by Simone F. Sacconi. 1972.
=500  \\$aErrata slip inserted.
=504  \\$aBibliography: p. 113-129.
=600  10$926563$aStradivari, Antonio$dapproximately 1644-1737
=648  \0$1http://www.wikidata.org/entity/Q7016$a17th Century (1601-1700)$920923
=650  \0$aViolin$1http://www.wikidata.org/entity/Q8355$92783
=650  \0$aMuseo stradivariano (Cremona, Italy)$vCatalogs.$926564
=700  \\$aMosconi, Andrea$4edt$926560
=700  \\$aTorresani, Carlo$4edt$926561
=710  2\$4ctb$aMuseo stradivariano (Cremona, Italy)$926564
=942  \\$cBOO
=952  \\$00$10$2ddc$40$6INS_4B_IT_CRE$70$8INS$99640$aORPH$bORPH$cKTS0$d2020-07-08$eKoopman$i33C03$l0$oINS4b IT.CRE$p20123023$r2021-01-12 00:00:00$w2021-01-12$yBOO$OKoopman
=999  \\$d9652

