=LDR  00911aam a2200205   4500
=001  9653
=005  20251103124736.0
=008  231031s1923\\\\gw\g||||\||||\00|\0\ger\d
=041  \\$ager
=100  \\$aMoser, Andreas$912877$4aut
=245  \\$aGeschichte des Violinspiels.$bMit einer Einleitung: Das Streichinstrumentenspiel im Mittelalter
=260  \\$aBerlin$bHesse$c1923
=300  \\$a588 pages
=648  \0$aMiddle Ages (500-1400)$1http://www.wikidata.org/entity/Q12554$920964
=650  \0$aViolin$1http://www.wikidata.org/entity/Q8355$92783
=650  \0$aMusical interpretation$1http://www.wikidata.org/entity/Q1668139$94533
=650  \0$aPerformance$1http://www.wikidata.org/entity/Q6942562$926223
=942  \\$cBOO
=952  \\$00$10$2ddc$40$6INS_4_000000000000000_1D_MOSE$70$8INS$99641$aORPH$bORPH$cKTS0$d2020-07-08$eKoopman$i34B15$l0$oINS4.1d MOSE$p20122603$r2021-01-12 00:00:00$w2021-01-12$yBOO$OKoopman
=999  \\$d9653

