=LDR  01019aam a2200217   4500
=001  9656
=008  211103s1961\\\\gw\fag||\||||\00|\0\ger\d
=041  \\$ager
=100  \\$aMoser, Hans Joachim$d1889-1967$912879$4aut
=245  \\$aOrgelromantik.$bEin Gang durch Orgelfragen von vorgestern und übermorgen
=260  \\$aLudwigsburg$bWalker$c1961
=300  \\$a110 pages
=648  \0$a17th Century (1601-1700)$1http://www.wikidata.org/entity/Q7016$920923
=648  \0$a18th Century (1701-1800)$1http://www.wikidata.org/entity/Q7015$920899
=648  \0$a19th Century (1801-1900)$1http://www.wikidata.org/entity/Q6955$920935
=650  \0$aOrganology$1http://www.wikidata.org/entity/Q899293$921400
=650  \0$aOrgan music$1http://www.wikidata.org/entity/Q2003283$91951
=650  \0$aOrgan$1http://www.wikidata.org/entity/Q1444$92810
=942  \\$cBOO
=952  \\$00$10$2ddc$40$6INS_3_000000000000000_1A$70$8INS$99644$aORPH$bORPH$cKTS0$d2020-07-08$eKoopman$i24B50$oINS3.1a$p20128786$r2021-01-12 00:00:00$w2021-01-12$yBOO
=999  \\$d9656

