=LDR  01334aam a2200265   4500
=001  9657
=008  240502s1966\\\\||||||||\||||\00|\0bger\d
=041  \\$ager
=100  \\$aMoser, Hans Joachim$d1889-1967$912879$4aut
=245  \\$aPaul Hofhaimer.$bEin Lied- und Orgelmeister des deutschen Humanismus
=250  \\$a2nd ed.
=260  \\$aHildesheim$bOlms$c1966
=561  \\$aHandwritten dedication from the author to Dr. Wolfgang Boetticher
=590  \\$a2. ergänzte und verbesserte Auflage mit 24 Abbildungen, zahlreichen Notenbeispielen und als Anhang Hofhaimers Gesammelte Tonwerke
=600  \0$aHofhaimer, Paul$d1459-1537$922159
=648  \0$a15th Century (1401-1500)$1http://www.wikidata.org/entity/Q7018$921015
=648  \0$a16th Century (1501-1600)$1http://www.wikidata.org/entity/Q7017$920944
=650  \0$aComposer$1http://www.wikidata.org/entity/Q36834$93625
=650  \0$aSong$1http://www.wikidata.org/entity/Q7366$94164
=650  \0$aOrgan music$1http://www.wikidata.org/entity/Q2003283$91951
=650  \0$aBiography$1http://www.wikidata.org/entity/Q36279$91927
=651  \0$aGermany$1http://www.wikidata.org/entity/Q183$9155
=942  \\$cBOO
=952  \\$00$10$2ddc$40$6BIO_HOFH_D$70$8BIO$99645$aORPH$bORPH$cKTS1_P$d2020-07-08$eKoopman$i31E24$oBIO HOFH d$p20123207$r2021-01-12 00:00:00$w2021-01-12$yBOO$OKoopman
=999  \\$d9657

