=LDR  01044aam a2200217   4500
=001  9658
=008  240502s1957\\\\||||||||\||||\00|\0bger\d
=041  \\$ager
=100  \\$aMoser, Hans Joachim$d1889-1967$912879$4aut
=245  \\$aDietrich Buxtehude, der Mann und sein Werk
=260  \\$aBerlin$bMerseburger$c1957
=600  \0$aBuxtehude, Dietrich$d1637-1707$1http://www.wikidata.org/entity/Q153637$910062
=648  \0$a17th Century (1601-1700)$1http://www.wikidata.org/entity/Q7016$920923
=648  \0$a18th Century (1701-1800)$1http://www.wikidata.org/entity/Q7015$920899
=650  \0$aComposer$1http://www.wikidata.org/entity/Q36834$93625
=650  \0$aOrganist$1http://www.wikidata.org/entity/Q765778$94471
=650  \0$aBiography$1http://www.wikidata.org/entity/Q36279$91927
=651  \0$aLübeck (Germany)$1http://www.wikidata.org/entity/Q2843$9125
=942  \\$cBOO
=952  \\$00$10$2ddc$40$6BIO_BUXT_D$70$8BIO$99646$aORPH$bORPH$cKTS1_P$d2020-07-08$eKoopman$i32C40$oBIO BUXT d$p20122879$r2021-01-12 00:00:00$w2021-01-12$yBOO$OKoopman
=999  \\$d9658

