=LDR  00677aam a2200193   4500
=001  9659
=005  20251001162312.0
=008  240502s1953\\\\||||||||\||||\00|\0\ger\d
=041  \\$ager
=100  \\$aMoser, Hans Joachim$d1889-1967$4aut$912879
=245  \\$aMusikästhetik
=260  \\$aBerlin$bde Gruyter$c1953
=300  \\$a180-20 pages
=490  \\$aSammlung Göschen$v344
=504  \\$aIncludes an index
=650  \0$aMusic philosophy and aesthetics$1http://www.wikidata.org/entity/Q2092865$921165
=942  \\$cBOO
=952  \\$00$10$2ddc$40$6AES_MOSE$70$8AES$99647$aORPH$bORPH$cKM12_1$d2020-07-08$eKoopman$i44E46$l0$oAES MOSE$p20126551$r2021-01-12 00:00:00$w2021-01-12$yBOO
=999  \\$d9659

