=LDR  00831aam a2200193   4500
=001  9660
=008  240502s1954\\\\|||g||||\||||\00|\0|ger\d
=041  \\$ager
=100  \\$aMoser, Hans Joachim$d1889-1967$912879$4aut
=245  \\$aDie evangelische Kirchenmusk in Deutschland
=260  \\$aBerlin$bMerseburger$c1954
=300  \\$a[viii]-545 pages
=650  \0$aProtestantism$1http://www.wikidata.org/entity/Q23540$921012
=650  \0$aChurch music$1http://www.wikidata.org/entity/Q8812109$92283
=650  \0$aMusic history$1http://www.wikidata.org/entity/Q846047$921373
=651  \0$aGermany$1http://www.wikidata.org/entity/Q183$9155
=942  \\$cBOO
=952  \\$00$10$2ddc$40$6TOP_DE_0_000000000000000$70$8TOP$99648$aORPH$bORPH$cKTS0$d2020-07-08$eKoopman$i46D01$l0$oTOP DE 0$p20127706$r2021-01-12 00:00:00$w2021-01-12$yBOO$OKoopman
=999  \\$d9660

