=LDR  01086acm a2200205   4500
=001  9661
=008  210512s1933\\\\\\\|||||\||||\00|\0\ger\d
=041  \\$ager
=100  \\$aMoser, Hans Joachim$d1889-1967$4edt$912879
=245  \\$aCorydon$bdas ist: Geschichte des mehrstimmigen Generalbaßliedes und des Quodlibets im Deutschen Barock
=260  \\$aBraunschweig$bLitolff$c1933
=300  \\$a2 volumes
=648  \0$a17th Century (1601-1700)$1http://www.wikidata.org/entity/Q7016$920923
=648  \0$a18th Century (1701-1800)$1http://www.wikidata.org/entity/Q7015$920899
=650  \0$aVocal music$1http://www.wikidata.org/entity/Q685884$93319
=651  \0$aGermany$1http://www.wikidata.org/entity/Q183$9155
=942  \\$cSCO
=952  \\$00$10$2ddc$31. Band$40$6SCO_MISC_MOSE$70$8SCO$99649$aORPH$bORPH$cKTS1_H$d2020-07-08$eKoopman$iW.1210-1$l0$oSCO MISC MOSE$p20124076$r2021-01-12 00:00:00$w2021-01-12$ySCO
=952  \\$00$10$2ddc$32. Band$40$6SCO_MISC_MOSE$70$8SCO$99650$aORPH$bORPH$cKTS1_H$d2020-07-08$eKoopman$iW.1210-2$l0$oSCO MISC MOSE$p20124075$r2021-01-12 00:00:00$w2021-01-12$ySCO
=999  \\$d9661

