=LDR  01091cam a22002171  4500
=001  9666
=005  20250205110319.0
=008  771202s1922\\\\gw\chj\\\\\\\\001\0dger\\
=040  \\$aOI
=100  \\$aWeber, Constanze$d1763-1842$4aut$1http://www.wikidata.org/entity/Q84464$912883
=245  00$aBriefe, Aufzeichnungen, Dokumente, 1782-1842
=260  \\$aDresden$bOpal$c1922
=300  \\$axlviii, 188, [1] p., 1 l. incl. front.(port.)$b2 facsim. (1 fold.) fold. geneal. tab.$c28 x 23 cm.
=500  \\$a"Dieses werke ist in einer ... auflage von 1500 exemplaren ... gedruckt ... nr. 619".
=590  \\$aIm Auftrage des Mozarteums zu Salzburg, mit einem biographischen Essay hrsg. von Arthur Schurig.
=600  \0$aMozart, Wolfgang Amadeus$d1756-1791$1http://www.wikidata.org/entity/Q254$95341
=700  1\$aSchurig, Arthur,$d1870-1929,$eEditor$4edt
=906  \\$a7$bcbc$coclcrpl$du$encip$f19$gy-gencatlg
=942  \\$cBOO
=952  \\$00$10$2ddc$40$6BIO_MOZA0_A$70$8BIO$99654$aORPH$bORPH$cKTS1_P$d2020-07-08$eKoopman$i31B37$l0$oBIO MOZA0 a$p20121092$r2021-01-12 00:00:00$w2021-01-12$yBOO
=999  \\$c9666$d9666

