=LDR  00328    a2200097   4500
=001  9667
=245  \\$aBriefe an seine Tochter
=260  \\$c1936
=942  \\$cBOO
=952  \\$00$10$2ddc$40$6BIO_MOZA2_A$70$8BIO$99655$aORPH$bORPH$cKTS1_P$d2020-07-08$eKoopman$i31A40$l0$oBIO MOZA2 a$p20121133$r2021-01-12 00:00:00$w2021-01-12$yBOO$OKoopman
=999  \\$c9667$d9667

