=LDR  01717cam a2200325 a 4500
=001  9669
=005  20250207092056.0
=008  990615s1998\\\\gw\ah\\\\b\\\\001\0ager\d
=020  \\$a3870664681
=040  \\$aOI
=041  \\$ager
=100  \\$aMozart, Maria Anna$d1751-1829$1http://www.wikidata.org/entity/Q157928$4aut$912885
=245  10$aMeine Tag Ordnungen:$bNannerl Mozarts Tagebuchblätter 1775-1783, mit Eintragungen ihres Bruders Wolfgang und ihres Vaters Leopold
=260  \\$aBad Honnef$bBock$c1998
=300  \\$alxiv-278 pages$b16 color illustrations, 89 facsimiles$c24 cm
=504  \\$aIncludes bibliographical references (p. 250-256) and index.
=590  \\$aherausgegeben und kommentiert von Geneviève Geffray ; unter Mitarbeit von Rudolph Angermüller.
=610  \0$aMozart family$1http://www.wikidata.org/entity/Q18574758$922340
=648  \0$a18th Century (1701-1800)$1http://www.wikidata.org/entity/Q7015$920899
=650  \0$aDiary$1http://www.wikidata.org/entity/Q185598$921711
=650  \0$aInstrumentalist$1http://www.wikidata.org/entity/Q1278335$921706
=650  \0$aFemale$1http://www.wikidata.org/entity/Q6581072$921764
=651  \0$aSalzburg (Austria)$1http://www.wikidata.org/entity/Q34713$921433
=700  \\$aMozart, Wolfgang Amadeus$d1756-1791$1http://www.wikidata.org/entity/Q254$4ctb$95341
=700  \\$aMozart, Leopold$d1719-1787$1http://www.wikidata.org/entity/Q156280$4ctb$912887
=700  \\$aGeffray, Geneviève$4edt$912888
=700  \\$aAngermüller, Rudolph$4edt$99130
=942  \\$cBOO
=952  \\$00$10$2ddc$40$6BIO_MOZA3_A$70$8BIO$99657$aORPH$bORPH$cKTS1_P$d2020-07-08$eKoopman$i22E26$l0$oBIO MOZA3 a$p20128886$r2021-01-12 00:00:00$w2021-01-12$yBOO$OKoopman
=999  \\$d9669

