=LDR  02192aam a2200301   4500
=001  9670
=008  211015i19621975\\\h||||\||||\00|\idger\d
=041  \\$ager
=100  \\$aMozart, Wolfgang Amadeus$d1756-1791$4crp$1http://www.wikidata.org/entity/Q254$95341
=245  \\$aBriefe und Aufzeichnungen
=260  \\$aKassel$bBärenreiter$c1962-63; 1971; 1975
=300  \\$a7 volumes
=648  \0$a18th Century (1701-1800)$1http://www.wikidata.org/entity/Q7015$920899
=650  \0$aCorrespondence$1http://www.wikidata.org/entity/Q1784733$921392
=650  \0$aComposer$1http://www.wikidata.org/entity/Q36834$93625
=700  \\$4edt$aBauer, Wilhelm A.$918791
=700  \\$4edt$aDeutsch, Otto Erich$d1883-1967$910702
=700  \\$4edt$aEibl, Joseph Heinz$910689
=710  \\$4aut$aMozart family$1http://www.wikidata.org/entity/Q18574758$922340
=942  \\$cBOO
=952  \\$00$10$2ddc$3Band 1: 1755-1776$40$6BIO_MOZA1_A$70$8BIO$99658$aORPH$bORPH$cKTS1_P$d2020-07-08$eKoopman$i23A02-I$oBIO MOZA1 a$p20128489$r2021-01-12 00:00:00$w2021-01-12$yBOO
=952  \\$00$10$2ddc$3Band 2: 1777-1779$40$6BIO_MOZA1_A$70$8BIO$99659$aORPH$bORPH$cKTS1_P$d2020-07-08$eKoopman$i23A02$oBIO MOZA1 a$p20128488$r2021-01-12 00:00:00$w2021-01-12$yBOO
=952  \\$00$10$2ddc$3Band 3: 1780-1786 $40$6BIO_MOZA1_A$70$8BIO$99660$aORPH$bORPH$cKTS1_P$d2020-07-08$eKoopman$i23A02-III$oBIO MOZA1 a$p20128487$r2021-01-12 00:00:00$w2021-01-12$yBOO
=952  \\$00$10$2ddc$3Band 4: 1787-1857$40$6BIO_MOZA1_A$70$8BIO$99661$aORPH$bORPH$cKTS1_P$d2020-07-08$eKoopman$i23A02-IV$oBIO MOZA1 a$p20128486$r2021-01-12 00:00:00$w2021-01-12$yBOO
=952  \\$00$10$2ddc$3Band 5: Kommentar I/II 1755-1779$40$6BIO_MOZA1_A$70$8BIO$99662$aORPH$bORPH$cKTS1_P$d2020-07-08$eKoopman$i23A02-V$oBIO MOZA1 a$p20128485$r2021-01-12 00:00:00$w2021-01-12$yBOO
=952  \\$00$10$2ddc$3Band 6: Kommentar III/IV 1780-1857$40$6BIO_MOZA1_A$70$8BIO$99663$aORPH$bORPH$cKTS1_P$d2020-07-08$eKoopman$i23A02-VI$oBIO MOZA1 a$p20128484$r2021-01-12 00:00:00$w2021-01-12$yBOO
=952  \\$00$10$2ddc$3Band 7: Register$40$6BIO_MOZA1_A$70$8BIO$99664$aORPH$bORPH$cKTS1_P$d2020-07-08$eKoopman$i23A02-VII$oBIO MOZA1 a$p20128483$r2021-01-12 00:00:00$w2021-01-12$yBOO
=999  \\$d9670

