=LDR  01225aam a2200241   4500
=001  9723
=005  20251003085458.0
=008  240611s1956\\\\|||g||||\||||\00|\0\ger\d
=020  \\$a3900013X
=041  \\$ager
=100  \\$aMozart, Wolfgang Amadeus$d1756-1791$1http://www.wikidata.org/entity/Q254$4aut$95341
=245  \\$aWolfgang Amadeus Mozart, verzeichnis aller meiner Werke und Leopold Mozart, verzeichnis der Jugendwerke W. A. Mozarts
=260  \\$aVienna$aMunich$bDoblinger$c1956
=648  \0$a18th Century (1701-1800)$1http://www.wikidata.org/entity/Q7015$920899
=650  \0$aComposer$1http://www.wikidata.org/entity/Q36834$93625
=650  \0$aCatalogue$1http://www.wikidata.org/entity/Q2352616$921484
=651  \0$aSalzburg (Austria)$1http://www.wikidata.org/entity/Q34713$921433
=651  \0$aVienna (Austria)$1http://www.wikidata.org/entity/Q1741$920937
=700  \\$aMozart, Leopold$d1719-1787$1http://www.wikidata.org/entity/Q156280$4aut$912887
=700  \\$aMüller von Asow, Erich Hermann$d1892-1964$4edt$912890
=942  \\$cBOO
=952  \\$00$10$2ddc$40$6BIO_MOZA1_C$70$8BIO$99711$aORPH$bORPH$cKTS1_P$d2020-07-08$eKoopman$i21D28$l0$oBIO MOZA1 c$p20128274$r2021-01-12 00:00:00$w2021-01-12$yBOO$OKoopman
=999  \\$d9723

