=LDR  00664aam a2200169   4500
=001  9724
=008  230328b\\\\\\\\||||||||\||||\00|\0\ger\d
=041  \\$ager
=100  \\$aMuffat, Georg$d1653-1704$4aut$1http://www.wikidata.org/entity/Q170401$97221
=245  \\$aFlorilegium secundum:$pPreface
=500  \\$aCopy
=534  \\$aOriginally published in 1698
=648  \0$a17th Century (1601-1700)$1http://www.wikidata.org/entity/Q7016$920923
=651  \0$aAustria$1http://www.wikidata.org/entity/Q40$9202
=942  \\$cBOO
=952  \\$00$10$2ddc$40$70$8SCO$99712$aORPH$bORPH$cKTS1_P$d2020-07-08$eKoopman$i19A46$l0$p20125133$r2021-01-12 00:00:00$w2021-01-12$yBOO$OKoopman
=999  \\$d9724

