=LDR  01050acm a2200229   4500
=001  9725
=008  230328r19681894|||||l||\||||\00|\0\ger\d
=020  \\$a576.28005.4
=041  \\$ager
=059  \\$ahpd
=100  \\$aMuffat, Georg$d1653-1704$4cmp$1http://www.wikidata.org/entity/Q170401$97221
=245  \\$aComponenti Musicali per il Cembalo
=260  \\$aFarnborough$bGregg International$c1894
=490  \\$aSupplemente enthaltend Quellen zu Händel's Werken$v5
=534  \\$cLeipzig: Deutsche Händel Gesellschaft, 1894
=648  \0$a17th Century (1601-1700)$1http://www.wikidata.org/entity/Q7016$920923
=650  \0$aKeyboard music$1http://www.wikidata.org/entity/Q105715630$921412
=650  \0$aHarpsichord$1http://www.wikidata.org/entity/Q81982$92125
=700  \\$4edt$aChrysander, Friedrich$d1826-1901$1http://www.wikidata.org/entity/Q65274$913827
=942  \\$cSCO
=952  \\$00$10$2ddc$40$6SCO_MUFF$70$8SCO$99713$aORPH$bORPH$cKTS1_P$d2020-07-08$eKoopman$iWG.0050-5$l0$oSCO MUFF$p20123855$r2021-01-12 00:00:00$w2021-01-12$ySCO$OW.0050-5
=999  \\$d9725

