=LDR  01091acm a2200229   4500
=001  9728
=008  230328s1970\\\\|||||l||\||||\00|\0\ger\d
=041  \\$ager
=059  \\$a2vn 2vn bc
=100  \\$aMuffat, Georg$d1653-1704$4cmp$1http://www.wikidata.org/entity/Q170401$97221
=245  \\$aArmonico tributo.$bExquisitioris harmoniæ instrumentalis
=260  \\$aGraz$aWien$bAkademische Druck- und Verlagsanstalt$c1970
=490  \\$aDenkmäler der Tonkunst in Österreich$v89
=534  \\$cSalzburg: Mayr, 1682
=648  \0$a17th Century (1601-1700)$1http://www.wikidata.org/entity/Q7016$920923
=650  \0$aSonata$1http://www.wikidata.org/entity/Q131269$921653
=650  \0$aString orchestra$1http://www.wikidata.org/entity/Q1090674$92946
=651  \0$aAustria$1http://www.wikidata.org/entity/Q40$9202
=700  \\$4edt$aSchenk, Erich$d1902-1974$1http://www.wikidata.org/entity/Q1353138$916230
=942  \\$cSCO
=952  \\$00$10$2ddc$40$6SCO_MUFF$70$8SCO$99716$aORPH$bORPH$cKTS1_P$d2020-07-08$eKoopman$iWG.1030-89$l0$oSCO MUFF$p20121816$r2021-01-12 00:00:00$w2021-01-12$ySCO$OW.1030-89
=999  \\$d9728

