=LDR  01579acm a2200277   4500
=001  9729
=008  230328s1959\\\\|||||l||\||||\00|\0\ger\d
=041  \\$ager
=059  \\$a2vn 2vla vc bc
=100  \\$aMuffat, Georg$d1653-1704$4cmp$1http://www.wikidata.org/entity/Q170401$97221
=245  \\$aFlorilegium primum / secundum$bfür Streichinstrumente
=260  \\$aGraz$bAkademische Druck- und Verlagsanstalt$c1959
=300  \\$a2 vols.
=490  \\$aDenkmäler der Tonkunst in Österreich, Jahrg. I/2$v2; 4
=534  \\$aFlorilegium secundum was originally published in 1698$cAugsburg: Koppmayr, 1695
=648  \0$a17th Century (1601-1700)$1http://www.wikidata.org/entity/Q7016$920923
=650  \0$aString orchestra$1http://www.wikidata.org/entity/Q1090674$92946
=650  \0$aSuite$1http://www.wikidata.org/entity/Q203005$921718
=651  \0$aAustria$1http://www.wikidata.org/entity/Q40$9202
=700  \\$4edt$aRietsch, Heinrich$925941
=856  \\$uhttps://imslp.org/wiki/Florilegium_Primum_(Muffat,_Georg)$3Florilegium primum
=856  \\$uhttps://imslp.org/wiki/Florilegium_Secundum_(Muffat%2C_Georg)$3Florilegium secundum
=942  \\$cSCO
=952  \\$00$10$2ddc$3Florilegium secundum$40$6SCO_MISC_DTO$70$8SCO$99714$aORPH$bORPH$cKTS1_P$d2020-07-08$eKoopman$iWG.1030-04  / W13$l0$oSCO MISC DTO$p20121806$r2021-01-12 00:00:00$w2021-01-12$ySCO$OW.1030-4
=952  \\$00$10$2ddc$3Florilegium primum$40$6SCO_MISC_DTO$70$8SCO$99717$aORPH$bORPH$cKTS1_P$d2020-07-08$eKoopman$iWG.1030-02 / W12$l0$oSCO MISC DTO$p20124022$r2021-01-12 00:00:00$w2021-01-12$ySCO$OW.1030-I/2:2
=999  \\$d9729

