=LDR  00614    a2200157   4500
=001  9730
=008  210505s1914\\\\\\\|||||\||||\00|\0\ger\d
=041  \\$ager
=100  \\$aMühlmann, W.$4aut$912892
=245  \\$aDie Alia musica (Gerbert, Scriptores 1): Quellenfrage, Umfang, Inhalt und Stammbaum
=260  \\$c1914$aLeipzig$bO. Brandstetter
=300  \\$a74 pages
=650  \0$aMusic theory$1http://www.wikidata.org/entity/Q193544$92662
=942  \\$cBOO
=952  \\$00$10$2ddc$40$6TRE_ALIA$70$8TRE$99718$aORPH$bORPH$cKTS1_H$d2020-07-08$eKoopman$i44G10$l0$oTRE ALIA$p20126871$r2021-01-12 00:00:00$w2021-01-12$yBOO
=999  \\$c9730$d9730

