=LDR  01050nam a2200241 a 4500
=001  9731
=005  20250925143258.0
=008  910515s1991\\\\deua\\\\\\\\\\001\0aeng\\
=020  \\$a093876828X
=040  \\$aOI
=100  \\$aMuir, Percy H.$d1894-1979.$912893
=245  10$aMinding my own business :$ban autobiography /$cby Percy Muir.
=260  \\$aNew Castle, Del. :$bOak Knoll Books,$c1991.
=300  \\$axi, 224 p. :$bill. ;$c22 cm.
=600  \0$aMuir, Percy H.$d1894-1979.$912893
=650  \0$aTranslation$1http://www.wikidata.org/entity/Q7553$92492
=650  \0$aCollecting$1http://www.wikidata.org/entity/Q208165$92117
=650  \0$aTranslation$1http://www.wikidata.org/entity/Q7553$92492
=942  \\$cBOO
=952  \\$00$10$2ddc$40$6BIO_MUIR_A$70$8BIO$99719$aORPH$bORPH$cKTS1_P$d2020-07-08$eKoopman$i46C19$l0$oBIO MUIR a$p20127644$r2021-01-12 00:00:00$w2021-01-12$yBOO$OKoopman
=999  \\$c9731$d9731
=648  \0$a20th Century (1901-2000)$1http://www.wikidata.org/entity/Q6927$920936
=650  \0$aBiography$1http://www.wikidata.org/entity/Q36279$91927

