=LDR  01224nam a2200289 a 4500
=001  9734
=003  OI
=005  20251016125348.0
=008  030116b\\\\\\\\ne\abdo|r\\\\|000\||eng|d
=020  \\$a9022838897
=040  \\$aOI
=041  \\$aeng
=100  1\$aMulder, W. Z.$4aut
=245  10$aHollanders in Hirado 1597-1641
=260  \\$aHaarlem$bFibula-Van Dishoeck$cs.d.
=300  \\$axi-301 pages
=610  \0$aVereenigde Oostindische Compagnie$1http://www.wikidata.org/entity/Q159766$91677
=648  \0$a17th Century (1601-1700)$1http://www.wikidata.org/entity/Q7016$920923
=650  \0$aHistory$1http://www.wikidata.org/entity/Q309$921403
=650  \0$aTrade$1http://www.wikidata.org/entity/Q601401$923616
=650  \0$aEconomy$1http://www.wikidata.org/entity/Q159810$921625
=650  \0$aPolitics$1http://www.wikidata.org/entity/Q7163$921826
=651  \0$aHirado (Japan)$1http://www.wikidata.org/entity/Q17$941615
=651  \0$aNetherlands$1http://www.wikidata.org/entity/Q55$1http://www.wikidata.org/entity/Q29999$9173
=942  \\$cBOO
=952  \\$00$10$2ddc$40$6TOP_JP_HIR$70$8TOP$99722$aORPH$bORPH$cKTS0$d2020-07-08$eKoopman$i21D49$l0$oTOP JP.HIR$p20128253$r2021-01-12 00:00:00$w2021-01-12$yBOO$OKoopman
=999  \\$d9734

