=LDR  01170aam a2200217   4500
=001  9736
=008  211008s2004\\\\|||of|||\||||\00|\0\ger\d
=020  \\$a3931479595
=041  \\$ager
=100  \\$aMüller-Bahlke, Thomas$4aut$912898
=245  \\$aDie Wunderkammer:$bDie Kunst- und Naturalienkammer der Franckeschen Stiftungen zu Halle
=260  \\$aHalle$bFranckesche Stiftungen$c2004
=600  \0$aFrancke, August Hermann$d1663-1727$1http://www.wikidata.org/entity/Q58753$96940
=600  \0$aGründler, Gottfried August$cHerzogl. Sächs. Hofmaler und Universitätskupferstecher zu Halle $d1710-1775$1http://www.wikidata.org/entity/Q1539099$922453
=648  \0$a17th Century (1601-1700)$1http://www.wikidata.org/entity/Q7016$920923
=648  \0$a18th Century (1701-1800)$1http://www.wikidata.org/entity/Q7015$920899
=650  \0$aXylophone$1http://www.wikidata.org/entity/Q165666$922451
=651  \0$aHalle (Saale, Germany)$1http://www.wikidata.org/entity/Q2814$921799
=942  \\$cBOO
=952  \\$00$10$2ddc$40$6TOP_DE_HAL1_5_000000000000000$70$8TOP$99724$aORPH$bORPH$cKTS0$d2020-07-08$eKoopman$i38A34$oTOP DE.HAL1 5$p20122419$r2021-01-12 00:00:00$w2021-01-12$yBOO
=999  \\$d9736

