=LDR  00415    a2200109   4500
=001  9738
=100  \\$aMüller-Blattau, Joseph$d1895-1976$1http://www.wikidata.org/entity/Q96929$917541
=245  \\$aJohannes Brahms
=260  \\$c1960
=942  \\$cBOO
=952  \\$00$10$2ddc$40$6BIO_BRAH_D$70$8BIO$99726$aORPH$bORPH$cKTS1_P$d2020-07-08$eKoopman$i43F32$l0$oBIO BRAH d$p20126448$r2021-01-12 00:00:00$w2021-01-12$yBOO$OKoopman
=999  \\$c9738$d9738

