=LDR  01504cam a2200301 i 4500
=001  9739
=005  20250121142125.0
=008  800703s1979\\\\gw\g\\\\\b\\\\000\0dger\\
=020  \\$a3921518075 :$cDM55.00
=040  \\$aOI
=041  \\$ager
=100  \\$aMüller-Buscher, Henning$912900
=245  10$aGeorg Böhms Choralbearbeitungen für Tasteninstrumente:$be. Beitr. z. Vorgeschichte d. Choralbearbeitungen J. S. Bachs
=246  \1$aGeorg Böhms Choralbearbeitungen für Tasteninstrumente:$bein Beitrag zur Vorgeschichte der Choralbearbeitungen Johann Sebastian Bachs
=260  \\$a[Laaber] :$bLaaber-Verlag$c1979.
=300  \\$a220 p. :$bmusic ;$c21 cm.
=504  \\$aBibliography: p. 202-208.
=600  \0$aBöhm, Georg$d1661-1733$1http://www.wikidata.org/entity/Q57807$912901
=648  \0$a17th Century (1601-1700)$1http://www.wikidata.org/entity/Q7016$920923
=648  \0$a18th Century (1701-1800)$1http://www.wikidata.org/entity/Q7015$920899
=650  \0$aKeyboard music$1http://www.wikidata.org/entity/Q105715630$921412
=650  \0$aChorale$1http://www.wikidata.org/entity/Q724473$921334
=650  \0$aArrangement$1http://www.wikidata.org/entity/Q379755$94282
=650  \0$aPrelude$1http://www.wikidata.org/entity/Q212148$921947
=651  \0$aGermany$1http://www.wikidata.org/entity/Q183$9155
=942  \\$cBOO
=952  \\$00$10$2ddc$40$6BIO_BOHM_E$70$8BIO$99727$aORPH$bORPH$cKTS1_P$d2020-07-08$eKoopman$i22C30$oBIO BOHM e$p20125699$r2021-01-12 00:00:00$w2021-01-12$yBOO$OKoopman
=999  \\$d9739

