=LDR  01298aam a2200253   4500
=001  9740
=008  230222s1915\\\\||||||||\||||\00|\0dger\d
=041  \\$ager
=100  \\$aMüller, E. H.$912902$4aut
=245  \\$aDie Mingottischen Opernunternehmungen 1732-1756
=260  \\$aLeipzig$bHille$c1915
=590  \\$aInaugural-Dissertation zur Erlangung der Doktorwuerde der Philosophischen Fakultaet der Universitaet Leipzig
=600  \0$aMingotti, Pietro$d1702-1759$1http://www.wikidata.org/entity/Q7193008$925760
=648  \0$a18th Century (1701-1800)$1http://www.wikidata.org/entity/Q7015$920899
=650  \0$aImpresario$1http://www.wikidata.org/entity/Q943995$92149
=650  \0$aOpera seria$1http://www.wikidata.org/entity/Q210675$925224
=650  \0$aMusic history$1http://www.wikidata.org/entity/Q846047$921373
=650  \0$aTheater history$1http://www.wikidata.org/entity/Q1061140$94607
=651  \0$aItaly$1http://www.wikidata.org/entity/Q38$922
=651  \0$aBohemia (Czech Republic)$1http://www.wikidata.org/entity/Q39193$921054
=651  \0$aGermany$1http://www.wikidata.org/entity/Q183$9155
=942  \\$cBOO
=952  \\$00$10$2ddc$40$6BIO_MING_E$70$8BIO$99728$aORPH$bORPH$cKTS1_P$d2020-07-08$eKoopman$i35E23$l0$oBIO MING e$p20122489$r2021-01-12 00:00:00$w2021-01-12$yBOO$OKoopman
=999  \\$d9740

