=LDR  00675aam a2200169   4500
=001  9743
=008  250528s1990\\\\|||a||||\||||\00|\0\ger\d
=020  \\$a3733300114
=041  \\$ager
=100  \\$aMüller, H. P.$912905$4aut
=245  \\$aMit Saitenspiel und spitzer Feder.$bEin musikalisches Karikaturenkabinett
=260  \\$aBerlin$bVerlag Neue Musik$c1990
=650  \0$aHumor$1http://www.wikidata.org/entity/Q35874$93936
=650  \0$aFine art$1http://www.wikidata.org/entity/Q219625$921579
=942  \\$cBOO
=952  \\$00$10$2ddc$40$6VIS_MULL$70$8VIS$99731$aORPH$bORPH$cKTS1_H$d2020-07-08$eKoopman$i19F26$l0$oVIS MULL$p20125246$r2021-01-12 00:00:00$w2021-01-12$yBOO$OKoopman
=999  \\$d9743

