=LDR  01303cam a2200301 a 4500
=001  9744
=005  20250925143258.0
=008  840523s1984\\\\ne\a\\\\\bk\\\000\0bdut\\
=020  \\$a9003982554 :$cfl 49.50
=040  \\$aOI
=041  \\$adut
=100  \\$aMuller, Juul$d1937-$4aut$912906
=245  10$aMax van Egmond, toonaangevend kunstenaar
=260  \\$aZutphen$bThieme$c1984
=300  \\$a431 pages$billustrations$c20 cm
=504  \\$aBibliography: p. 419-421.
=504  \\$aDiscography: p. 422-431.
=600  \0$aEgmond, Max van$d1936-$1http://www.wikidata.org/entity/Q503650$912907
=648  \0$a20th Century (1901-2000)$1http://www.wikidata.org/entity/Q6927$920936
=650  \0$aSinger$1http://www.wikidata.org/entity/Q177220$93915
=650  \0$aBass$1http://www.wikidata.org/entity/Q27911$927119
=650  \0$aBiography$1http://www.wikidata.org/entity/Q36279$91927
=650  \0$aEarly music$1http://www.wikidata.org/entity/Q436016$93160
=651  \0$aNetherlands$1http://www.wikidata.org/entity/Q55$9173
=700  \2$aEgmond, Max van$d1936-$1http://www.wikidata.org/entity/Q503650$912907$4win
=942  \\$cBOO
=952  \\$00$10$2ddc$40$6BIO_EGMO_D$70$8BIO$99732$aORPH$bORPH$cKTS1_P$d2020-07-08$eKoopman$i21E43$oBIO EGMO d$p20125441$r2021-01-12 00:00:00$w2021-01-12$yBOO$OKoopman
=999  \\$d9744

