=LDR  00890cam a2200217 a 4500
=001  9745
=005  20211001160119.0
=008  900215s1990\\\\nyua\\\\\bk\\\000\0\eng\\
=020  \\$a0889464952
=040  \\$aOI
=100  1\$aMuller, Julia,$d1937-
=245  10$aWords and music in Henry Purcell's first semi-opera, Dioclesian :$ban approach to early music through early theatre /$cJulia Muller.
=260  \\$aLewiston N.Y., U.S. :$bE. Mellen Press,$cc1990.
=300  \\$a506, [1] p. :$bill. ;$c23 cm.
=504  \\$aDiscography: p. [507]
=504  \\$aIncludes bibliographical references (p. [481]-506).
=600  10$aPurcell, Henry,$d1659-1695.$tDioclesian.
=952  \\$00$10$40$70$8BIO$99733$aORPH$bORPH$cKTS1_P$d2020-07-08$eKoopman$p20128678$r2021-01-12 00:00:00$w2021-01-12$yBOO$OKoopman
=999  \\$c9745$d9745
=490  \\$aStudies in the history and interpretation of music ;$vv. 28
=942  \\$cBOO

