=LDR  01431aam a2200277   4500
=001  9747
=008  230419s1930\\\\|||f||||\||||\00|\0dger\d
=041  \\$ager
=100  \\$aMüller, Johannes$912909$4aut
=245  \\$aDas Jesuitendrama in den Ländern deutscher Zunge vom Anfang (1555) bis zum Hochbarock (1665)$n1-2/2
=260  \\$aAugsburg$bFilser$c1930
=300  \\$a2 vols .in 1 (vii-98-150-[12] pages)
=490  \\$aSchriften zur deutschen Literatur$v7 & 8
=610  \0$1http://www.wikidata.org/entity/Q36380$aJesuits$921140
=648  \0$1http://www.wikidata.org/entity/Q7017$a16th Century (1501-1600)$920944
=648  \0$1http://www.wikidata.org/entity/Q7016$a17th Century (1601-1700)$920923
=650  \0$aTheater history$1http://www.wikidata.org/entity/Q1061140$94607
=650  \0$1https://www.wikidata.org/wiki/Q1841$aCatholicism$1http://www.wikidata.org/entity/Q1841$921631
=650  \0$aPlay (theater)$1http://www.wikidata.org/entity/Q25379$921414
=650  \0$aGerman$1http://www.wikidata.org/entity/Q188$923675
=651  \0$1http://www.wikidata.org/entity/Q183$aGermany$9155
=651  \0$1http://www.wikidata.org/entity/Q40$aAustria$9202
=651  \0$1http://www.wikidata.org/entity/Q39$aSwitzerland$920954
=942  \\$cBOO
=952  \\$00$10$2ddc$40$6TOP_DE_4_000000000000000$70$8TOP$99735$aORPH$bORPH$cKTS0$d2020-07-08$eKoopman$i45E08$l0$oTOP DE 4$p20127482$r2021-01-12 00:00:00$w2021-01-12$yBOO$OKoopman
=999  \\$d9747

