=LDR  01323aam a2200277   4500
=001  9750
=008  250715s1999\\\\||||||||\||||\00|\0bmul\d
=020  \\$a8070502959
=041  \\$aeng$acze
=100  \\$aMüller, Miloš$d1927-2006$940806$4aut
=245  \\$aJan Křtitel Krumpholtz:$bThe life and the work of harpist and composer. Study, Text, Analyses
=260  \\$aPrague$bNárodní knihovna$c1999
=490  \\$aVaria de Musica$v6
=590  \\$a= 
=600  \0$aKrumpholtz, Jean-Baptiste$d1742-1790$1http://www.wikidata.org/entity/Q697663$97781
=648  \0$a18th Century (1701-1800)$1http://www.wikidata.org/entity/Q7015$920899
=650  \0$aComposer$1http://www.wikidata.org/entity/Q36834$93625
=650  \0$aInstrumental music$1http://www.wikidata.org/entity/Q639197$92106
=650  \0$aHarp$1http://www.wikidata.org/entity/Q47369$93542
=650  \0$aBiography$1http://www.wikidata.org/entity/Q36279$91927
=650  \0$aSuicide$1http://www.wikidata.org/entity/Q10737$925230
=651  \0$aCzech Republic$1http://www.wikidata.org/entity/Q213$921253
=651  \0$aParis (France)$1http://www.wikidata.org/entity/Q90$9160
=942  \\$cBOO
=952  \\$00$10$2ddc$40$6BIO_KRUM_D$70$8BIO$99738$aORPH$bORPH$cKTS1_P$d2020-07-08$eKoopman$i25D30$l0$oBIO KRUM d$p20129328$r2021-01-12 00:00:00$w2021-01-12$yBOO$OKoopman
=999  \\$d9750

