=LDR  00930aam a2200205   4500
=001  9751
=008  250715s1985\\\\||||||||\c|||\00|\0ddan\d
=041  \\$adan
=100  \\$aMüller, Miloš$940806$4aut
=245  \\$aHeinrich Schütz og Danmark
=260  \\$aCopenhagen$bMusikhistorisk Museum og Claudius' Samling$c1985
=648  \0$a17th Century (1601-1700)$1http://www.wikidata.org/entity/Q7016$920923
=650  \0$aComposer$1http://www.wikidata.org/entity/Q36834$93625
=650  \0$aMusic history$1http://www.wikidata.org/entity/Q846047$921373
=651  \0$aDenmark$1http://www.wikidata.org/entity/Q35$921295
=700  \\$aKongsted, Ole$d1943-$1http://www.wikidata.org/entity/Q59610970$4edt$912121
=700  \\$aJensen, Anne Ørbæk$4aut$914792
=942  \\$cBOO
=952  \\$00$10$2ddc$40$6BIO_SCHU5_E$70$8BIO$99739$aORPH$bORPH$cKTS1_P$d2020-07-08$eKoopman$i38C30$l0$oBIO SCHU5 e$p20120419$r2021-01-12 00:00:00$w2021-01-12$yBOO
=999  \\$d9751

