=LDR  01092aam a2200229   4500
=001  9755
=005  20251017125723.0
=008  230622s1910\\\\||||||||\||||\00|\0dger\d
=041  \\$ager
=100  \\$aMüller, Walther$4aut$912911
=245  \\$aJohann Adolf Hasse als Kirchenkomponist.$bEin Beitrag zur Geschichte der Neapolitanischen Kirchenmusik
=260  \\$aLeipzig$bBreitkopf & Härtel$c1910
=500  \\$aInaugural-Dissertation
=600  \0$1http://www.wikidata.org/entity/Q164732$aHasse, Johann Adolf$d1699-1783$94966
=648  \0$1http://www.wikidata.org/entity/Q7015$a18th Century (1701-1800)$920899
=650  \0$1http://www.wikidata.org/entity/Q8812109$aChurch music$92283
=651  \0$1http://www.wikidata.org/entity/Q2634$aNaples (Italy)$921
=651  \0$1http://www.wikidata.org/entity/Q641$aVenice (Italy)$91
=651  \0$1http://www.wikidata.org/entity/Q1731$aDresden (Germany)$947
=942  \\$cBOO
=952  \\$00$10$2ddc$40$6BIO_HASS2_E$70$8BIO$99743$aORPH$bORPH$cKTS1_P$d2020-07-08$eKoopman$i44F11$l0$oBIO HASS2 e$p20126828$r2021-01-12 00:00:00$w2021-01-12$yBOO$OKoopman
=999  \\$d9755

