=LDR  01169aam a2200217   4500
=001  9757
=008  230524b\\\\\\\\||||||||\||||\00|\0\###\d
=020  \\$a3000008764
=041  \\$ager$heng
=100  \\$aMunby, A. N. L.$4aut$912912
=245  \\$aDie Alabasterhand und andere englische Gespenstergeschichten aus Eichstätt
=260  \\$c1996$bCourier
=300  \\$a158 pages
=500  \\$aAlan Noel Latimer ('Tim') Munby (1913–1974) was an English author, writer and librarian. Born in Hampstead, Munby was educated at Clifton College and King's College, Cambridge. He is best known for his slim volume of ghost stories, The Alabaster Hand, which includes three tales written in Oflag VII B, a German prisoner-of-war camp near Eichstadt, during World War Two. 
=534  \\$aOriginal English version published in 1949
=650  \0$1http://www.wikidata.org/entity/Q8242$aLiterature$94439
=700  \\$4trl$926247$aSchmidt, Rainer
=765  \\$aThe Alabaster Hand and Other Ghost Stories
=942  \\$cBOO
=952  \\$00$10$2ddc$40$6LIT_MUNB_A$70$8LIT$99745$aORPH$bORPH$cKM12_2_H$d2020-07-08$eKoopman$i47D34$oLIT MUNB a$p20123681$r2021-01-12 00:00:00$w2021-01-12$yBOO
=999  \\$d9757

