=LDR  00874aab a2200205   4500
=001  9758
=008  211115b\\\\\\\\||||||||\||||\00|\0\dut\d
=041  \\$adut
=100  \\$aMunck, Eric$4aut$912913
=245  \\$aHoge prijs voor hoge tonen:$bEen beschouwing over castraatzangers
=260  \\$aOss$bOrganon$cs.d.
=490  \\$aOrganorama$vvol 4 no. 5
=500  \\$aOffprint from Organorama, vol. 4, no. 5
=648  \0$a17th Century (1601-1700)$1http://www.wikidata.org/entity/Q7016$920923
=648  \0$a18th Century (1701-1800)$1http://www.wikidata.org/entity/Q7015$920899
=650  \0$aCastrato$1http://www.wikidata.org/entity/Q210970$92704
=650  \0$aCuckoo$1http://www.wikidata.org/entity/Q18845$922474
=942  \\$cBOO
=952  \\$00$10$2ddc$40$6INS_2A$70$8INS$99746$aORPH$bORPH$cKTS0$d2020-07-08$eKoopman$i18A20$oINS2a$p20127024$r2021-01-12 00:00:00$w2021-01-12$yBOO
=999  \\$d9758

