=LDR  00946cam a2200229 i 4500
=001  9760
=005  20250307161607.0
=008  760916s1976\\\\-uka\\\\\b\\\\001\0\eng\\
=020  \\$a0193213214
=041  \\$aeng
=100  \\$aMunrow, David$d1942-1976$4aut$1http://www.wikidata.org/entity/Q933070$912915
=245  10$aInstruments of the Middle Ages and Renaissance
=260  \\$aLondon$bOxford University Press$c1976
=300  \\$a95 pages
=561  \\$aEx Libris Ton Koopman
=648  \0$a15th Century (1401-1500)$1http://www.wikidata.org/entity/Q7018$921015
=648  \0$aMiddle Ages (500-1400)$1http://www.wikidata.org/entity/Q12554$920964
=650  \0$aOrganology$1http://www.wikidata.org/entity/Q899293$921400
=651  \0$aEurope$1http://www.wikidata.org/entity/Q46$991
=942  \\$cBOO
=952  \\$00$10$2ddc$40$6INS_1A$70$8INS$99748$aORPH$bORPH$cKTS0$d2020-07-08$eKoopman$i19A24$oINS1a$p20125151$r2021-01-12 00:00:00$w2021-01-12$yBOO
=999  \\$d9760

