=LDR  01455cam a2200301 i 4500
=001  9761
=005  20250218113217.0
=008  760417s1975\\\\gw\a\\\\\bc\\\001\0\ger\\
=020  \\$a3873280248 :$cDM80.00
=040  \\$aOI
=041  \\$ager
=245  00$aThematischer Katalog der Musikhandschriften der Benediktinerinnenabtei Frauenwörth und der Pfarrkirchen Indersdorf, Wasserburg am Inn und Bad Tölz
=260  \\$aMünchen$bHenle$c1975
=300  \\$axxvii-211 pages$bill.$c30 cm.
=490  \\$aKataloge Bayerischer Musiksammlungen
=504  \\$aBibliography: p. 190-192.
=650  \0$aManuscript$1http://www.wikidata.org/entity/Q87167$92275
=650  \0$aLibrary$1http://www.wikidata.org/entity/Q7075$94229
=650  \0$aMonastery$1http://www.wikidata.org/entity/Q44613$926216
=650  \0$aChurch music$1http://www.wikidata.org/entity/Q8812109$1http://www.wikidata.org/entity/Q1065742$92283
=651  \0$aBavaria (Germany)$1http://www.wikidata.org/entity/Q980$9228
=700  \\$aMünster, Robert$d1928-2021$1http://www.wikidata.org/entity/Q2158321$914961$4edt
=700  \\$aBockholdt, Ursula$939716$4edt
=700  \\$aMachold, Robert$1http://www.wikidata.org/entity/Q92966033$911493$4edt
=700  \\$aThew, Lisbeth$939717$4edt
=942  \\$cBOO
=952  \\$00$10$2ddc$40$6BIB_4_000000000000000_DE_BAV$70$8BIB$99749$aORPH$bORPH$cKTS0$d2020-07-08$eKoopman$i18F29$l0$oBIB4 DE.BAV$p20127772$r2021-01-12 00:00:00$w2021-01-12$yBOO$OKoopman
=999  \\$d9761

