=LDR  01302cam a2200301   4500
=001  9767
=005  20251003085458.0
=008  710430s1970\\\\enkach\\\bc\\\001\0\eng\\
=020  \\$a0297761447
=040  \\$aOI
=041  1\$aeng$hita
=100  \\$aPiero della Francesca$d1416?-1492$4art$1http://www.wikidata.org/entity/Q5822$923520
=245  14$aThe Complete Paintings of Piero della Francesca
=260  \\$aLondon$bWeidenfeld and Nicolson$c1970
=300  \\$a112 pages$billustrations (some color), facsimiles, portraits$c32 cm
=490  0\$aClassics of World Art
=504  \\$aBibliography: p. 82.
=648  \0$a15th Century (1401-1500)$1http://www.wikidata.org/entity/Q7018$921015
=650  \0$aFine art$1http://www.wikidata.org/entity/Q219625$921579
=650  \0$aPainter$1http://www.wikidata.org/entity/Q1028181$93914
=650  \0$aCatalogue$1http://www.wikidata.org/entity/Q2352616$921484
=651  \0$aItaly$1http://www.wikidata.org/entity/Q38$922
=700  \\$aMurray, Peter$d1920-1992$4win$923521
=700  \\$aVecchi, Pierluigi de$4cmm$923522
=765  \\$aL'opera completa di Piero della Francesca
=942  \\$cBOO
=952  \\$00$10$2ddc$40$6BIO_FRAN_A$70$8BIO$99755$aORPH$bORPH$cKTS1_P$d2020-07-08$eKoopman$i35F26$oBIO FRAN a$p20122466$r2021-01-12 00:00:00$w2021-01-12$yBOO
=999  \\$d9767

