=LDR  01158cam a2200253 i 4500
=001  9768
=005  20250120120056.0
=008  781115s1977\\\\gw\ag\\\\b\\\\001\0bger\\
=015  \\$aGFR78-A11
=020  \\$a3873205610 :$cDM48.00
=040  \\$aOI
=100  \\$aMusch, Hans$d-1935$1http://www.wikidata.org/entity/Q1581416$912923
=245  10$aCostanzo Festa als Madrigalkomponist /$cHans Musch ; mit 36 Notenbeispielen.
=260  \\$aBaden-Baden :$bKoerner,$c1977.
=300  \\$a175 p. :$btabs., music ;$c24 cm.
=490  1\$aSammlung musikwissenschaftlicher Abhandlungen ; Bd. 61$x0085-588X
=504  \\$aBibliography: p. 171-175.
=504  \\$aIncludes bibliographies of works by C. Festa and index.
=600  \0$aFesta, Costanzo$d1490-1545$1http://www.wikidata.org/entity/Q937584$97260
=650  \0$aMadrigal$1http://www.wikidata.org/entity/Q193217$921649
=830  \0$9769$aSammlung musikwissenschaftlicher Abhandlungen (Valentin Koerner GmbH) ;$vBd. 61.
=942  \\$cBOO
=952  \\$00$10$2ddc$40$6BIO_FEST_E$70$8BIO$99756$aORPH$bORPH$cKTS1_P$d2020-07-08$eKoopman$i32D37$oBIO FEST e$p20123108$r2021-01-12 00:00:00$w2021-01-12$yBOO$OKoopman
=999  \\$c9768$d9768

