=LDR  00353    a2200109   4500
=001  9769
=100  \\$aMuset, C.$912925
=245  \\$aLes Chansons de Colin Muset
=260  \\$c1938
=942  \\$cBOO
=952  \\$00$10$2ddc$40$6LIT_MUSE_A$70$8LIT$99757$aORPH$bORPH$cKM12_2_H$d2020-07-08$eKoopman$i43D22$oLIT MUSE a$p20126510$r2021-01-12 00:00:00$w2021-01-12$yBOO
=999  \\$c9769$d9769

