=LDR  00408    a2200133   4500
=001  9772
=020  \\$a9525531244
=022  \\$a12374229
=100  \\$aMustonen, E.$912928
=245  \\$aTanssi yli koskettimien
=260  \\$c2006
=942  \\$cBOO
=952  \\$00$10$40$6BIO_BACH1_E$70$8BIO$99760$aORPH$bORPH$cKTS1_P$d2020-07-08$eKoopman$i34E09$oBIO BACH1 e$p20120820$r2021-01-12 00:00:00$w2021-01-12$yBOO$OKoopman
=999  \\$c9772$d9772

