=LDR  00983aam a2200205   4500
=001  9773
=008  231127s1947\\\\||||||||\||||\00|\0\eng\d
=041  \\$aeng
=100  \\$aMyers, Robert Manson$4aut$912929
=245  \\$aEarly Moral Criticism of Handelian Oratorio
=260  \\$aWilliamsburg, VI$bManson Park Press$c1947
=600  \0$aHandel, George Frideric$d1685-1759$1http://www.wikidata.org/entity/Q7302$94765
=648  \0$a18th Century (1701-1800)$1http://www.wikidata.org/entity/Q7015$920899
=650  \0$aOratorio$1http://www.wikidata.org/entity/Q85477$91825
=650  \0$aMusic criticism$1http://www.wikidata.org/entity/Q11748889$921598
=650  \0$aMoral education$1http://www.wikidata.org/entity/Q25457248$93171
=651  \0$aUnited Kingdom$1http://www.wikidata.org/entity/Q21$9273
=942  \\$cBOO
=952  \\$00$10$2ddc$40$6BIO_HAND_E$70$8BIO$99761$aORPH$bORPH$cKTS1_P$d2020-07-08$eKoopman$i33E62$l0$oBIO HAND e$p20120928$r2021-01-12 00:00:00$w2021-01-12$yBOO$OKoopman
=999  \\$d9773

