=LDR  01263nam a22002777i 4500
=001  9775
=005  20250121142125.0
=008  170327s1913\\\\ne\||||||\\\\|||||\cdut|c
=040  \\$bOI
=041  \7$adut
=100  \\$aNaber, Johanna$d1859-1941$1http://www.wikidata.org/entity/Q1696989$4aut$4ill$912931
=245  10$aBetje Wolff en Aagje Deken
=260  \\$aAmsterdam$bMeulenhoff$c1913
=300  \\$a287 pages$billustrations$c24 cm
=490  \\$aNederlandsche Historische Bibliotheek
=600  \0$aWolff, Betje$d1738-1804$1http://www.wikidata.org/entity/Q183007$95119
=600  \0$aDeken, Aagje$d1741-1804$1http://www.wikidata.org/entity/Q255601$95922
=648  \0$a18th Century (1701-1800)$1http://www.wikidata.org/entity/Q7015$920899
=650  \0$aWriter$1http://www.wikidata.org/entity/Q36180$93885
=650  \0$aFemale$1http://www.wikidata.org/entity/Q6581072$921764
=650  \0$aNovel$1http://www.wikidata.org/entity/Q8261$921629
=650  \0$aBiography$1http://www.wikidata.org/entity/Q36279$91927
=651  \0$aNetherlands$1http://www.wikidata.org/entity/Q55$9173
=942  \\$cBOO
=952  \\$00$10$2ddc$40$6BIO_WOLF3_D$70$8BIO$99763$aORPH$bORPH$cKTS1_P$d2020-07-08$eKoopman$i22D44$oBIO WOLF3 d$p20128434$r2021-01-12 00:00:00$w2021-01-12$yBOO
=999  \\$d9775

