=LDR  01124cam a2200277 i 4500
=001  9776
=005  20250120120056.0
=008  180112t20182018ctua\\\\\b\\\\001\0beng\d
=015  \\$2bnb
=020  \\$a0300224109
=020  \\$a9780300224108
=041  \\$aeng
=100  \\$aNadler, Steven M.$d-1958$4aut$912932
=245  10$aMenasseh ben Israel:$bRabbi of Amsterdam
=264  \1$aNew Haven, CT$bYale University Press$c2018
=300  \\$a298 pages$c22 cm
=490  1\$aJewish Lives
=504  \\$aIncludes bibliographical references (pages 273-291) and index.
=600  \0$aManasseh ben Israel$d1604-1657$tMiḳṿeh Yiśraʼel$1http://www.wikidata.org/entity/Q733629$912934
=648  \0$a17th Century (1601-1700)$1http://www.wikidata.org/entity/Q7016$920923
=650  \0$aBiography$1http://www.wikidata.org/entity/Q36279$91927
=651  \0$aAmsterdam (Netherlands)$9189
=651  \0$aPortugal$1http://www.wikidata.org/entity/Q45$9136
=942  \\$cBOO
=952  \\$00$10$2ddc$40$6BIO_MENA_D$70$8BIO$99764$aORPH$bORPH$cKTS1_P$d2020-07-08$eKoopman$i47E17$l0$oBIO MENA d$p20123650$r2021-01-12 00:00:00$w2021-01-12$yBOO
=999  \\$d9776

