=LDR  00904aam a2200193   4500
=001  9777
=008  220120b\\\\\\\\||||||||\||||\00|\0\ger\d
=041  \\$ager
=245  \\$aMatthias Naeschke. Spiel- und Flötenuhrmacher im hohenzollerischen Haigerloch
=300  \\$a42 pages
=561  \\$aHandwritten dedication from the author
=650  \0$aClock$1http://www.wikidata.org/entity/Q376$92132
=650  \0$aMechanical device$1http://www.wikidata.org/entity/Q1882685$92247
=650  \0$aMechanical musical instrument$1http://www.wikidata.org/entity/Q8614972$926213
=650  \0$aOrganology$1http://www.wikidata.org/entity/Q899293$921400
=651  \0$aHaigerloch (Germany)$1http://www.wikidata.org/entity/Q505856$927334
=942  \\$cBOO
=952  \\$00$10$2ddc$40$6INS_10_000000000000000_9B$70$8INS$99765$aORPH$bORPH$cKTS0$d2020-07-08$eKoopman$i38B20$oINS10.9b$p20120455$r2021-01-12 00:00:00$w2021-01-12$yBOO
=999  \\$d9777

