=LDR  00949nam a2200229 i 4500
=001  9779
=005  20250714143427.0
=008  780601s1977\\\\enkach\\\b\\\\001\0beng\\
=015  \\$aGB77-28805
=020  \\$a0091293804 :$c£6.95
=040  \\$aOI
=100  \\$aNash, Mary$d1925-$912938
=245  14$aThe provoked wife :$bthe life and times of Susannah Cibber /$c[by] Mary Nash.
=260  \\$aLondon :$bHutchinson,$c1977.
=300  \\$axii, 369 p. :$bill., facsims., ports. ;$c25 cm.
=504  \\$aBibliography: p. 353-358.
=600  \0$aCibber, Susannah Maria$d1714-1766$1http://www.wikidata.org/entity/Q1638296$912939
=650  \0$aActor$1http://www.wikidata.org/entity/Q33999$93442
=942  \\$cBOO
=952  \\$00$10$2ddc$40$6BIO_CIBB_D$70$8BIO$99767$aORPH$bORPH$cKTS1_P$d2020-07-08$eKoopman$i38D04$oBIO CIBB d$p20122404$r2021-01-12 00:00:00$w2021-01-12$yBOO$OKoopman
=999  \\$c9779$d9779
=650  \0$aBiography$1http://www.wikidata.org/entity/Q36279$91927

