=LDR  01199cam a2200265 a 4500
=001  9780
=005  20250120120056.0
=008  960102s1995\\\\ne\abf\\\b\\\\001\0adut\c
=010  \\$a   96100162 
=020  \\$a9073069092
=040  \\$aCU$cCU$dDLC
=041  \\$adut
=100  \\$aWillem Frederik$cGraaf van Nassau-Dietz$d1613-1664$4aut$1http://www.wikidata.org/entity/Q702722$912940
=245  10$aGloria parendi:$bdagboeken van Willem Frederik, stadhouder van Friesland, Groningen en Drenthe, 1643-1654
=260  \\$aAmsterdam$bNederlands Historisch Genootschap$c1995
=300  \\$axxxi, 842 p., 32 p. of plates :$bill., map ;$c25 cm.
=490  1\$aBoarnerige$v5$aNederlandse historische bronnen$v11
=504  \\$aIncludes bibliographical references (p. 763-764) and indexes.
=648  \0$a17th Century (1601-1700)$1http://www.wikidata.org/entity/Q7016$920923
=651  \0$aNetherlands$1http://www.wikidata.org/entity/Q55$9173
=700  \\$aVisser, J.$912942
=700  \\$aPlaat, G. N. van der$912943
=942  \\$cBOO
=952  \\$00$10$2ddc$40$6BIO_WILL1_A$70$8BIO$99768$aORPH$bORPH$cKTS1_P$d2020-07-08$eKoopman$i24F41$l0$oBIO WILL1 a$p20125845$r2021-01-12 00:00:00$w2021-01-12$yBOO
=999  \\$c9780$d9780

