=LDR  01118aam a2200241   4500
=001  9782
=008  230224s1954\\\\||||||||\||||\00|\0bger\d
=041  \\$ager
=100  \\$aNausch, A.$912945$4aut
=245  \\$aAugustin Pfleger, Leben und Werke
=250  \\$a1st ed.
=260  \\$c1954$aKassel$aBasel$aLondon$aNew York$bBärenreiter
=300  \\$a103 pages
=500  \\$aAugustin Pfleger (1635-1686) was a German Bohemian composer. He wrote mostly motets (in German and Latin).
=590  \\$aEin Beitrag zur Entwicklungsgeschichte der Kantate im 17. Jahrhundert
=648  \0$a17th Century (1601-1700)$1http://www.wikidata.org/entity/Q7016$920923
=650  \0$aBiography$1http://www.wikidata.org/entity/Q36279$91927
=650  \0$aComposer$1http://www.wikidata.org/entity/Q36834$93625
=650  \0$aMusic history$1http://www.wikidata.org/entity/Q846047$921373
=651  \0$aGermany$1http://www.wikidata.org/entity/Q183$9155
=942  \\$cBOO
=952  \\$00$10$2ddc$40$6BIO_PFLE_D$70$8BIO$99770$aORPH$bORPH$cKTS1_P$d2020-07-08$eKoopman$i30B06$l0$oBIO PFLE d$p20123420$r2021-01-12 00:00:00$w2021-01-12$yBOO$OKoopman
=999  \\$d9782

