=LDR  01119aam a2200229   4500
=001  9785
=005  20250926134855.0
=008  230217s2014\\\\||||||||\||||\00|\0\dut\d
=041  \\$adut
=100  \\$aNederpelt, T.$912948$4aut
=245  \\$aBachs laatste werk:$bDie Kunst der Fuge, een menselijk document. Biblium Ars Contrapuncti Humani
=260  \\$aZeist$bNederpelt$c2014
=600  \0$aBach, Johann Sebastian$d1685-1750$1http://www.wikidata.org/entity/Q1339$94766
=648  \0$a18th Century (1701-1800)$1http://www.wikidata.org/entity/Q7015$920899
=650  \0$aKunst der Fuge$1http://www.wikidata.org/entity/Q465878$923640
=650  \0$aFugue$1http://www.wikidata.org/entity/Q181014$93142
=650  \0$aMusical analysis$1http://www.wikidata.org/entity/Q1544924$92775
=651  \0$aLeipzig (Germany)$1http://www.wikidata.org/entity/Q2079$945
=700  \\$4win$aKoopman, Ton$d1944-$1http://www.wikidata.org/entity/Q445121$910491
=942  \\$cBOO
=952  \\$00$10$40$6BIO_BACH1_E$70$8BIO$99773$aORPH$bORPH$cKTS1_P$d2020-07-08$eKoopman$i44B21$oBIO BACH1 e$p20126692$r2021-01-12 00:00:00$w2021-01-12$yBOO$OKoopman
=999  \\$d9785

