=LDR  00967aam a2200217   4500
=001  9786
=005  20250926134855.0
=008  230531s2014\\\\||||||||\||||\00|\0\dut\d
=020  \\$a9789078094593
=041  \\$adut
=100  \\$aNederpelt, T.$912948$4aut
=245  \\$aDie Kunst der Fuge, een menselijk document.$bBiblium Ars Contrapuncti Humani
=260  \\$bStili Novi$c2014
=600  \0$1http://www.wikidata.org/entity/Q1339$aBach, Johann Sebastian$d1685-1750$94766
=648  \0$1http://www.wikidata.org/entity/Q7015$a18th Century (1701-1800)$920899
=650  \0$1http://www.wikidata.org/entity/Q465878$aKunst der Fuge$923640
=650  \0$1http://www.wikidata.org/entity/Q1544924$aMusical analysis$92775
=651  \0$1http://www.wikidata.org/entity/Q2079$aLeipzig (Germany)$945
=942  \\$cBOO
=952  \\$00$10$40$6BIO_BACH1_E$70$8BIO$99774$aORPH$bORPH$cKTS1_P$d2020-07-08$eKoopman$i44G19$oBIO BACH1 e$p20126857$r2021-01-12 00:00:00$w2021-01-12$yBOO$OKoopman
=999  \\$d9786

