=LDR  00974aam a2200205   4500
=001  9787
=008  220628s1957\\\\||||||||\||||\00|\0ager\d
=041  \\$ager
=100  \\$aNeefe, Christian Gottlob$d1748-1798$4aut$1http://www.wikidata.org/entity/Q213556$912949
=245  \\$aChristian Gottlob Neefens Lebenslauf von ihm selbst beschrieben,$bNebst beigefügtem Karackter 1789
=260  \\$aCologne$bVolk$c1957
=490  \\$aBeiträge zur Rheinischen Musikgeschichte$v21
=648  \0$a18th Century (1701-1800)$1http://www.wikidata.org/entity/Q7015$920899
=650  \0$aComposer$1http://www.wikidata.org/entity/Q36834$93625
=650  \0$aBiography$1http://www.wikidata.org/entity/Q36279$91927
=651  \0$aGermany$1http://www.wikidata.org/entity/Q183$9155
=700  \\$4edt$aEngelhardt, W.$924475
=942  \\$cBOO
=952  \\$00$10$2ddc$40$6BIO_NEEF_A$70$8BIO$99775$aORPH$bORPH$cKTS1_P$d2020-07-08$eKoopman$i33E50$oBIO NEEF a$p20120939$r2021-01-12 00:00:00$w2021-01-12$yBOO
=999  \\$d9787

