=LDR  00716aam a2200169   4500
=001  9789
=008  240508s1989\\\\||||||||\c|||\00|\0\ita\d
=041  \\$aita
=100  \\$aNegri, E.$912951$4aut
=245  \\$aIl fondo musicale Malaspina nell'Archivio di Stato di Verona
=260  \\$aRome$bEdizioni Torre d'Orfeo$c1989
=490  \\$aCataloghi di fondi musicali italiani$v10
=650  \0$aLibrary$1http://www.wikidata.org/entity/Q7075$94229
=651  \0$aVerona (Italy)$1http://www.wikidata.org/entity/Q2028$921086
=942  \\$cBOO
=952  \\$00$10$2ddc$40$6BIB_4_000000000000000_IT_VER$70$8BIB$99777$aORPH$bORPH$cKTS0$d2020-07-08$eKoopman$i18D65$l0$oBIB4 IT.VER$p20125008$r2021-01-12 00:00:00$w2021-01-12$yBOO$OKoopman
=999  \\$d9789

