=LDR  01037    a2200229   4500
=001  9790
=008  211126s1959\\\\\\\|||||\||||\00|\0\ger\d
=041  \\$ager
=100  \\$aNeidhardt, Dorothea$4aut$912952
=245  \\$aDas "Cymbalum Mundi" des Bonaventure des Periers:$bForschungslage und Deutung
=260  \\$aGenève$bDroz$aParis$bMinard$c1959
=300  \\$a178 pages
=490  \\$aKölner romanistische Arbeiten Neue Folge$v16
=561  \\$aEx libris Laura Dobbenga
=600  \0$aPériers, Bonaventure des$dc. 1510-1544?$1http://www.wikidata.org/entity/Q733214$913227
=648  \0$a16th Century (1501-1600)$1http://www.wikidata.org/entity/Q7017$920944
=650  \0$aAllegory$1http://www.wikidata.org/entity/Q18535$93718
=650  \0$aHistory$1http://www.wikidata.org/entity/Q309$921403
=651  \0$aFrance$1http://www.wikidata.org/entity/Q142$9131
=942  \\$cBOO
=952  \\$00$10$2ddc$40$6BIO_PERI1_E$70$8BIO$99778$aORPH$bORPH$cKTS1_P$d2020-07-08$eKoopman$i43B42$oBIO PERI1 e$p20127211$r2021-01-12 00:00:00$w2021-01-12$yBOO
=999  \\$d9790

