=LDR  01297cam a2200277 i 4500
=001  9791
=005  20250910142623.0
=008  790302m19789999enkg\\\\\b\\\\001\0\eng\\
=020  \\$z0571105661 (v. 3)
=040  \\$aOI
=041  \\$aeng
=100  \\$aNeighbour, Oliver Wray$d1923-2015$1http://www.wikidata.org/entity/Q19800544$4aut$941165
=245  04$aThe Music of William Byrd$nvol. 3$pThe Consort and Keyboard Music
=246  \1$aThe Consort and Keyboard Music of William Byrd
=260  \\$aLondon$aBoston, MA$bFaber and Faber$c1978
=300  \\$bmusic$c25 cm
=504  \\$aIncludes bibliographies and indexes.
=600  \0$aByrd, William$d1539/40-1623$1http://www.wikidata.org/entity/Q208375$910065
=648  \0$a16th Century (1501-1600)$1http://www.wikidata.org/entity/Q7017$920944
=648  \0$a17th Century (1601-1700)$1http://www.wikidata.org/entity/Q7016$920923
=650  \0$aInstrumental music$1http://www.wikidata.org/entity/Q639197$92106
=650  \0$aKeyboard music$1http://www.wikidata.org/entity/Q105715630$921412
=651  \0$aUnited Kingdom$1http://www.wikidata.org/entity/Q21$9273
=942  \\$cBOO
=952  \\$00$10$2ddc$40$6BIO_BYRD_E$70$8BIO$99779$aORPH$bORPH$cKTS1_P$d2020-07-08$eKoopman$i42B02$oBIO BYRD e$p20120092$r2021-01-12 00:00:00$w2021-01-12$yBOO$OKoopman
=999  \\$d9791

