=LDR  00367    a2200109   4500
=001  9792
=100  \\$aNeiiendam, R.$912954
=245  \\$aTeatermuseet ved Christiansborg
=260  \\$c1959
=942  \\$cBOO
=952  \\$00$10$2ddc$40$6VIS_NEII$70$8VIS$99780$aORPH$bORPH$cKTS1_H$d2020-07-08$eKoopman$i28B53$l0$oVIS NEII$p20121454$r2021-01-12 00:00:00$w2021-01-12$yBOO$OKoopman
=999  \\$c9792$d9792

