=LDR  01982cam a2200373 a 4500
=001  9793
=005  20250120120511.0
=008  980511r19941809gw\a\\\\\\\\\\000\0\mul\d
=010  \\$a   00337207 
=020  \\$a3822889644
=040  \\$aOI
=041  0\$afre
=100  \\$4edt$aNéret, Gilles$d1933-2005$1http://www.wikidata.org/entity/Q3106419$912956
=245  00$aDescription de l'Égypte :$cpubliée par les ordres de Napoléon Bonaparte
=246  3\$aDescription de l'Egypte, ou, Recueil des observations et des recherches qui ont été faites en Egypte pendant l'expédition de l'armée française
=246  30$aRecueil des observations et des recherches qui ont été faites en Egypte pendant l'expédition de l'armée française
=260  \\$aCologne$bTaschen$c1994
=300  \\$a1007 pages$bchiefly illustrations (some color)$c20 cm
=546  \\$aEnglish, French, and German.
=600  \0$aBonaparte, Napoleon$d1769-1821$1http://www.wikidata.org/entity/Q517$912955
=648  \0$aClassical Antiquity (8th Century BC-6th Century AD)$1http://www.wikidata.org/entity/Q486761$921435
=648  \0$a19th Century (1801-1900)$1http://www.wikidata.org/entity/Q6955$920935
=650  \0$aArchitecture$1http://www.wikidata.org/entity/Q12271$93185
=650  \0$aFine art$1http://www.wikidata.org/entity/Q219625$921579
=650  \0$aArcheology$1http://www.wikidata.org/entity/Q23498$94082
=650  \0$aTravel$1http://www.wikidata.org/entity/Q61509$94440
=650  \0$aOrientalism$1http://www.wikidata.org/entity/Q101103763$922490
=651  \0$aEgypt$1http://www.wikidata.org/entity/Q79$968
=700  \\$aMiller, Chris$4trl$922488
=700  \\$aBlumenberg, Bettina$4trl$922489
=856  \\$uhttp://www.loc.gov/catdir/enhancements/fy0915/00337207-d.html$3Publisher description
=942  \\$cBOO
=952  \\$00$10$2ddc$40$6TOP_EG_6_000000000000000$70$8TOP$99781$aORPH$bORPH$cKTS0$d2020-07-08$eKoopman$i40G02$oTOP EG 6$p20122261$r2021-01-12 00:00:00$w2021-01-12$yBOO
=999  \\$d9793

