=LDR  01262aam a2200253   4500
=001  9796
=005  20250925143258.0
=008  250620s1946\\\\|||a||||\b|||\001\0\eng\d
=041  \\$aeng
=100  \\$aNettel, Reginald$d1899-1980$1http://www.wikidata.org/entity/Q59529963$912958$4aut
=245  \\$aThe Orchestra in England.$bA social history
=260  \\$c1946$aLondon$bCape
=300  \\$a296 pages
=648  \0$a17th Century (1601-1700)$1http://www.wikidata.org/entity/Q7016$920923
=648  \0$a18th Century (1701-1800)$1http://www.wikidata.org/entity/Q7015$920899
=648  \0$a19th Century (1801-1900)$1http://www.wikidata.org/entity/Q6955$920935
=648  \0$a20th Century (1901-2000)$1http://www.wikidata.org/entity/Q6927$920936
=650  \0$aOrchestra$1http://www.wikidata.org/entity/Q42998$93159
=650  \0$aMusic history$1http://www.wikidata.org/entity/Q846047$921373
=650  \0$aConcert$1http://www.wikidata.org/entity/Q182832$921044
=651  \0$aUnited Kingdom$1http://www.wikidata.org/entity/Q21$1http://www.wikidata.org/entity/Q145$9273
=942  \\$cBOO
=952  \\$00$10$2ddc$40$6TOP_GB_0_000000000000000$70$8TOP$99784$aORPH$bORPH$cKTS0$d2020-07-08$eKoopman$i25D25$l0$oTOP GB 0$p20129332$r2021-01-12 00:00:00$w2021-01-12$yBOO$OKoopman
=999  \\$d9796

