=LDR  00848aam a2200181   4500
=001  9797
=008  250227s1950\\\\||||||||\||||\00|\0beng\d
=041  \\$aeng
=100  \\$aNettl, P.$912959$4aut
=245  \\$aThe Other Casanova:$bA Contribution to Eighteenth-Century Music and Manners
=260  \\$aNew York, NY$bPhilosophical Library$c1950
=600  \0$aCasanova, Giacomo$d1725-1798$1http://www.wikidata.org/entity/Q83321$913414
=648  \0$a18th Century (1701-1800)$1http://www.wikidata.org/entity/Q7015$920899
=650  \0$aBiography$1http://www.wikidata.org/entity/Q36279$91927
=650  \0$aCultural history$1http://www.wikidata.org/entity/Q858517$922395
=942  \\$cBOO
=952  \\$00$10$2ddc$40$6BIO_CASA_D$70$8BIO$99785$aORPH$bORPH$cKTS1_P$d2020-07-08$eKoopman$i32C16$l0$oBIO CASA d$p20122904$r2021-01-12 00:00:00$w2021-01-12$yBOO$OKoopman
=999  \\$d9797

