=LDR  01343aam a2200229   4500
=001  9799
=008  230705s1997\\\\||||||||\||||\00|\0dger\d
=020  \\$a3755130071
=041  \\$ager
=100  \\$aNeubacher, Jürgen$4aut$912960
=245  \\$aDie Musikbibliothek des Hamburger Kantors und Musikdirektors Thomas Selle (1599-1663):$bRekonstruktion des ursprünglichen und Beschreibung des erhaltenen, überwiegend in der Staats- und Universitätsbibliothek Hamburg Carl von Ossietzky aufbewahrten Bestandes
=260  \\$aNeuhausen$bHänssler$bAmerican Institute of Musicology$c1997
=490  \\$aMusicological Studies and Documents$v52
=600  \0$1http://www.wikidata.org/entity/Q96928$aSelle, Thomas$d1599-1663$926297
=610  \0$1http://www.wikidata.org/entity/Q2324644$aStaats- und Universitätsbibliothek Hamburg Carl von Ossietzky (Germany)$91723
=648  \0$1http://www.wikidata.org/entity/Q7016$a17th Century (1601-1700)$920923
=650  \0$1http://www.wikidata.org/entity/Q7075$aLibrary$94229
=650  \0$1http://www.wikidata.org/entity/Q330679$aCantor$923204
=651  \0$1http://www.wikidata.org/entity/Q1055$aHamburg (Germany)$921940
=942  \\$cBOO
=952  \\$00$10$2ddc$40$6BIO_SELL_E$70$8BIO$99787$aORPH$bORPH$cKTS1_P$d2020-07-08$eKoopman$i35C29$l0$oBIO SELL e$p20120732$r2021-01-12 00:00:00$w2021-01-12$yBOO$OKoopman
=999  \\$d9799

