=LDR  01263aam a2200241   4500
=001  9802
=005  20250926134855.0
=008  210301b\\\\\\\\be\|||||\||||\00|\0\eng\d
=020  \\$a691027072
=041  \\$aeng
=100  \\$aNeumann, Frederick$4aut$912962
=245  \\$aOrnamentation in Baroque and Post-Baroque Music.$bWith Special Emphasis on J. S. Bach
=260  \\$aPrinceton, NJ$bPrinceton University Press$c1978
=300  \\$a630 pages
=600  \0$aBach, Johann Sebastian$d1685-1750$1http://www.wikidata.org/entity/Q1339$94766
=648  \0$a17th Century (1601-1700)$1http://www.wikidata.org/entity/Q7016$920923
=648  \0$a18th Century (1701-1800)$1http://www.wikidata.org/entity/Q7015$920899
=650  \0$aHistorically informed performance$1http://www.wikidata.org/entity/Q1344860$920980
=650  \0$aOrnamentation$1http://www.wikidata.org/entity/Q739589$922524
=942  \\$cBOO
=952  \\$00$10$2ddc$40$6MTP_2_000000000000000_NEUM$70$8MTP$99789$aORPH$bORPH$cKM12_1$d2020-07-08$eKoopman$i19A05$l0$oMTP2 NEUM$p20125172$r2021-01-12 00:00:00$w2021-01-12$yBOO
=952  \\$00$10$2ddc$40$6MTP_2_000000000000000_NEUMBIO_BACH1_E$70$8MTP$99790$aORPH$bORPH$cKM12_1$d2020-07-08$l0$oMTP2 NEUM-->BIO BACH1 e$p20130071$r2021-01-12 00:00:00$w2021-01-12$yBOO
=999  \\$d9802

