=LDR  00998    a2200217   4500
=001  9803
=008  211108s1962\\\\\\\|||||\||||\00|\0\ger\d
=041  \\$ager
=100  \\$aNeumann, Friedrich-Heinrich$4aut$912963
=245  \\$aDie Ästhetik des Rezitativs:$bZur Theorie des Rezitativs im 17. und 18. Jahrhundert
=250  \\$a1st ed.
=260  \\$aStrasbourg$aBaden-Baden$bHeitz$c1962
=300  \\$a112 pages
=490  \\$aCollection d'études musicologiques = Sammlung musikwissenschaftlicher Abhandlungen$v41
=648  \0$a17th Century (1601-1700)$1http://www.wikidata.org/entity/Q7016$920923
=648  \0$a18th Century (1701-1800)$1http://www.wikidata.org/entity/Q7015$920899
=650  \0$aRecitative$1http://www.wikidata.org/entity/Q202534$93699
=700  \\$4win$aCroll, Gerhard$d1927-2019$910332
=942  \\$cBOO
=952  \\$00$10$2ddc$40$6MTP_1_000000000000000_NEUM$70$8MTP$99791$aORPH$bORPH$cKM12_1$d2020-07-08$eKoopman$i22C29$oMTP1 NEUM$p20137401$r2021-01-12 00:00:00$w2021-01-12$yBOO
=999  \\$d9803

