=LDR  01150    a2200253   4500
=001  9806
=005  20250926134855.0
=008  210707e1961\\\\\\\||le|\||||\00|\0\ger\d
=040  \\$aMB
=041  \\$ager
=100  \\$aBach, Johann Sebastian$d1685-1750$1http://www.wikidata.org/entity/Q1339$94766
=245  \\$aKritischer Bericht:Festmusiken für das kurfürstlich-sächsische Haus II
=260  \\$c1961$aGermany$bDeutscher Verlag für Musik Leipzig
=300  \\$a2 vols. (xi-172-[1]+102 pages)$bmusic
=336  \\$aprinted
=490  \\$aNeue Ausgabe Sämtlicher Werke$vSerie I: Kantaten 37
=648  \0$a18th Century (1701-1800)$1http://www.wikidata.org/entity/Q7015$920899
=650  \0$aLute$1http://www.wikidata.org/entity/Q180733$93944
=650  \0$aCantata$1http://www.wikidata.org/entity/Q174873$921603
=651  \0$aGermany$1http://www.wikidata.org/entity/Q183$9155
=700  \\$4edt$aNeumann, Werner$d1905-1991$1http://www.wikidata.org/entity/Q99260$921849
=942  \\$cSCO
=952  \\$00$10$2ddc$40$6SCO_BACH1$70$8SCO$99794$aORPH$bORPH$cKTS1_P$d2020-07-08$eKoopman$i29A01$l0$oSCO BACH1$p20123508$r2021-01-12 00:00:00$yTYPE_UNK
=999  \\$c9806$d9806

