=LDR  01164    a2200253   4500
=001  9810
=005  20250926134856.0
=008  210708e1970\\\\\\\||ld|\||||\00|\0\ger\d
=040  \\$aMB
=041  \\$ager
=100  \\$aBach, Johann Sebastian$d1685-1750$4cmp$1http://www.wikidata.org/entity/Q1339$94766
=245  \\$aKritischer Bericht: Hochzeitskant - weltliche Kantaten verschiedener Bestimmung
=260  \\$c1970$aGermany$bVEB Deutscher Verlag für Musik Leipzig
=300  \\$a2 vols. (xii-233-[1]+239 pages)$bmusic
=336  \\$aprinted
=490  \\$aNeue Ausgabe Sämtlicher Werke$vSerie I: Kantaten 40
=648  \0$a18th Century (1701-1800)$1http://www.wikidata.org/entity/Q7015$920899
=650  \0$aLute$1http://www.wikidata.org/entity/Q180733$93944
=650  \0$aCantata$1http://www.wikidata.org/entity/Q174873$921603
=651  \0$aGermany$1http://www.wikidata.org/entity/Q183$9155
=700  \\$4edt$aNeumann, Werner$d1905-1991$1http://www.wikidata.org/entity/Q99260$921849
=942  \\$cSCO
=952  \\$00$10$2ddc$40$6SCO_BCH1$70$8SCO$99798$aORPH$bORPH$cKTS1_P$d2020-07-08$eKoopman$i29A01$l0$oSCO BCH1$p20123505$r2021-01-12 00:00:00$yTYPE_UNK
=999  \\$c9810$d9810

