=LDR  00502aam a2200133   4500
=001  9812
=008  230224s1979\\\\||||||||\||||\00|\0\ger\d
=041  \\$ager
=100  \\$aNeumann, Werner$d1905-1991$4aut$1http://www.wikidata.org/entity/Q99260$921849
=245  \\$aAufgaben und Probleme der heutigen Bachforschung
=260  \\$c1979
=942  \\$cBOO
=952  \\$00$10$2ddc$40$6BIO_BACH1_E$70$8BIO$99800$aORPH$bORPH$cKTS1_P$d2020-07-08$eKoopman$i31E06$oBIO BACH1 e$p20123225$r2021-01-12 00:00:00$w2021-01-12$yBOO
=999  \\$d9812

