=LDR  01392aam a2200265   4500
=001  9813
=005  20250926134856.0
=008  240303s1963\\\\||||||||\||||\00|\0ager\d
=041  \\$ager
=100  \\$aBach, Johann Sebastian$d1685-1750$1http://www.wikidata.org/entity/Q1339$4aut$94766
=245  \\$aSchriftstücke von der Hand Johann Sebastian Bachs.$bKritische Gesamtausgabe
=260  \\$aKassel$aBasel$aParis$aLondon$aNew York$bBärenreiter$c1963
=490  \\$aBach-Dokumente$v1
=648  \0$a17th Century (1601-1700)$1http://www.wikidata.org/entity/Q7016$920923
=648  \0$a18th Century (1701-1800)$1http://www.wikidata.org/entity/Q7015$920899
=650  \0$aComposer$1http://www.wikidata.org/entity/Q36834$93625
=650  \0$aOrganist$1http://www.wikidata.org/entity/Q765778$94471
=650  \0$aBiography$1http://www.wikidata.org/entity/Q36279$91927
=651  \0$aGermany$1http://www.wikidata.org/entity/Q183$9155
=700  \\$aNeumann, Werner$d1905-1991$1http://www.wikidata.org/entity/Q99260$4edt$921849
=700  \\$aSchulze, Hans-Joachim$d1934-$1http://www.wikidata.org/entity/Q92055$4edt$911725
=710  \\$aBach-Archiv Leipzig (Germany)$1http://www.wikidata.org/entity/Q798038$4edt$91212
=942  \\$cBOO
=952  \\$00$10$2ddc$40$6BIO_BACH1_B$70$8BIO$99801$aORPH$bORPH$cKTS1_P$d2020-07-08$eKoopman$i33A01_01$oBIO BACH1 b$p20123061$r2021-01-12 00:00:00$w2021-01-12$yBOO
=999  \\$d9813

