=LDR  01495aam a2200289   4500
=001  9815
=005  20250926134856.0
=008  230918s1972\\\\||||||||\||||\00|\0\ger\d
=041  \\$ager
=245  \\$aDokumente zum Nachwirken Johann Sebastian Bachs 1750-1800
=260  \\$bBärenreiter$aKassel$aBasel$aParis$aLondon$aNew York$c1972
=300  \\$axxxv-750 pages
=490  \\$aBach-Dokumente$v3
=500  \\$aSupplement to J. S. Bach, " Neue Ausgabe sämtlicher Werke. Bach Documents."
=600  \0$1http://www.wikidata.org/entity/Q1339$aBach, Johann Sebastian$d1685-1750$94766
=648  \0$a17th Century (1601-1700)$1http://www.wikidata.org/entity/Q7016$920923
=648  \0$a18th Century (1701-1800)$1http://www.wikidata.org/entity/Q7015$920899
=650  \0$1http://www.wikidata.org/entity/Q36834$aComposer$93625
=650  \0$aOrganist$1http://www.wikidata.org/entity/Q765778$94471
=650  \0$aReception$1http://www.wikidata.org/entity/Q1791660$925021
=651  \0$aGermany$1http://www.wikidata.org/entity/Q183$9155
=700  \\$aNeumann, Werner$d1905-1991$1http://www.wikidata.org/entity/Q99260$4edt$921849
=700  \\$aSchulze, Hans-Joachim$d1934-$1http://www.wikidata.org/entity/Q92055$4edt$911725
=710  \\$aBach-Archiv Leipzig (Germany)$1http://www.wikidata.org/entity/Q798038$4edt$91212
=942  \\$cBOO
=952  \\$00$10$2ddc$40$6BIO_BACH1_B$70$8BIO$99803$aORPH$bORPH$cKTS1_P$d2020-07-08$eKoopman$i33A01_03$oBIO BACH1 b$p20123059$r2021-01-12 00:00:00$w2021-01-12$yBOO
=999  \\$d9815

