=LDR  00837aam a2200205   4500
=001  9816
=005  20250926134856.0
=008  230224r19621953||||||||\||||\00|\0bger\d
=041  \\$ager
=100  \\$aNeumann, Werner$d1905-1991$4aut$1http://www.wikidata.org/entity/Q99260$921849
=245  \\$aAuf den Lebenswegen Johann Sebastian Bachs
=250  \\$a4th ed.
=260  \\$c1962$aBerlin$bVerlag der Nation
=300  \\$a319 pages
=600  \0$aBach, Johann Sebastian$d1685-1750$1http://www.wikidata.org/entity/Q1339$94766
=650  \0$aBiography$1http://www.wikidata.org/entity/Q36279$91927
=650  \0$aComposer$1http://www.wikidata.org/entity/Q36834$93625
=942  \\$cBOO
=952  \\$00$10$2ddc$40$6BIO_BACH1_D$70$8BIO$99804$aORPH$bORPH$cKTS1_P$d2020-07-08$eKoopman$i44C26$oBIO BACH1 d$p20126645$r2021-01-12 00:00:00$w2021-01-12$yBOO
=999  \\$d9816

