=LDR  01325cam a2200277 a 4500
=001  9817
=008  150717s2015\\\\gw\ag\\\\bm\\\000\0\ger\d
=041  \\$ager
=042  \\$alccopycat
=100  \\$aNeumeier, Barbara$4aut$912965
=245  14$aDer Pommer:$bBauweise, Kontext, Repertoire
=260  \\$aSinzig $bStudio Verlag$c2015
=300  \\$ax-426 pages $billustrations, music $c25 cm.
=490  1\$aSaarbrücker Studien zur Musikwissenschaft $vBand 17
=502  \\$aThesis (doctoral) - Universität, Saarbrücken, 2012.
=504  \\$aIncludes bibliographical references.
=648  \0$a15th Century (1401-1500)$1http://www.wikidata.org/entity/Q7018$921015
=648  \0$a16th Century (1501-1600)$1http://www.wikidata.org/entity/Q7017$920944
=648  \0$a17th Century (1601-1700)$1http://www.wikidata.org/entity/Q7016$920923
=650  \0$aDouble reed$1http://www.wikidata.org/entity/Q29811838$922456
=650  \0$aWoodwind instrument$1http://www.wikidata.org/entity/Q181247$94119
=650  \0$aOrganology$1http://www.wikidata.org/entity/Q899293$921400
=650  \0$aMusic history$1http://www.wikidata.org/entity/Q846047$921373
=942  \\$cBOO
=952  \\$00$10$2ddc$40$6INS_6_000000000000000_9A$70$8INS$99805$aORPH$bORPH$cKTS0$d2020-07-08$eKoopman$i47F04$oINS6.9a$p20123805$r2021-01-12 00:00:00$w2021-01-12$yBOO
=999  \\$d9817

