=LDR  00957    a2200193   4500
=001  9820
=008  211119s1968\\\\gw\g||||\||||\00|\0\ger\d
=041  \\$ager
=100  \\$aNewcomb, Wilburn Wendell$4aut$912967
=245  \\$aStudien zur englischen Lautenpraxis im elisabethanischen Zeitalter.$bBeiträge zur Kenntnis der spezifischen Instrumentalstils zwischen Spätrenaissance und Frühmonodie
=260  \\$c1968$aBerlin$bBärenreiter
=300  \\$a136 pages
=648  \0$a16th Century (1501-1600)$1http://www.wikidata.org/entity/Q7017$920944
=650  \0$aMusic history$1http://www.wikidata.org/entity/Q846047$921373
=650  \0$aLute$1http://www.wikidata.org/entity/Q180733$93944
=651  \0$aUnited Kingdom$1http://www.wikidata.org/entity/Q21$9273
=942  \\$cBOO
=952  \\$00$10$2ddc$40$6INS_5_000000000000000_1A_GB$70$8INS$99808$aORPH$bORPH$cKTS0$d2020-07-08$eKoopman$i21C03$l0$oINS5.1a GB$p20128194$r2021-01-12 00:00:00$w2021-01-12$yBOO$OKoopman
=999  \\$d9820

