=LDR  01798ncm a22002417i 4500
=001  9821
=008  981217s1966\\\\xxumu\\|||\\\\\\\\\\eng|c
=041  \7$aeng
=245  00$aLute Music of Shakespeare's Time
=260  \\$aLondon$bThe Pennsylvania State University Press$c1966
=300  \\$axxxviii-115 pages$c28 cm
=500  \\$aIn full: "A new Booke of Tabliture, Containing sundrie easie and familar Instructions, shewing howe to attaine to the knowledge, to guide and dispose thy hand to play on sundry Instruments, as the Lute, Orpharion, and Bandora."
=500  \\$aBarley's work was (according to the book) the first English solo music for plucked instruments to appear in print. Earlier lute books had been published in England, but not with English music.

The book is a thorough study of this opus, with commentary, "tabliture" and a transcription into staff notation (bass & treble clefs).

The original apparently contained many mistakes, which have here been corrected, both in the original and on the staff: "Every alteration of the original material, however, is indicated in the critical apparatus at the end of this volume."
=648  \0$a16th Century (1501-1600)$1http://www.wikidata.org/entity/Q7017$920944
=648  \0$a17th Century (1601-1700)$1http://www.wikidata.org/entity/Q7016$920923
=650  \0$aLute$1http://www.wikidata.org/entity/Q180733$93944
=650  \0$aNotation$1http://www.wikidata.org/entity/Q233861$91964
=650  \0$aKeyboard$1http://www.wikidata.org/entity/Q901207$923503
=700  1\$aNewcomb, Wilburn W.$4edt$4trc
=700  1\$aBarley, William$d1565?-1614$4edt$940197
=942  \\$cBOO
=952  \\$00$10$2ddc$40$6SCO_S_BARL$70$8SCO$99809$aORPH$bORPH$cKTS1_H$d2020-07-08$eKoopman$l0$oSCO S BARL$p20121885$r2021-01-12 00:00:00$w2021-01-12$ySCO$OW.2653
=999  \\$d9821

