=LDR  01044aam a2200229   4500
=001  9826
=005  20250925143258.0
=008  250620s1998\\\\|||oaf||\||||\00|\0\fre\d
=020  \\$a2908291223
=100  \\$aNeyret, Michel$912972$4edt
=245  \\$aVillefranche.$bVille d'histoire, Ville d'art, Ville à vivre
=260  \\$c1998$aLyon$bEMCC
=300  \\$a105 pages
=648  \0$a20th Century (1901-2000)$1http://www.wikidata.org/entity/Q6927$920936
=650  \0$aUrban design$1http://www.wikidata.org/entity/Q63100$939883
=650  \0$aArchitecture$1http://www.wikidata.org/entity/Q12271$93185
=650  \0$aSociety$1http://www.wikidata.org/entity/Q8425$94658
=650  \0$aCultural history$1http://www.wikidata.org/entity/Q858517$922395
=651  \0$aVillefranche-sur-Saône (France)$1http://www.wikidata.org/entity/Q208770$940425
=942  \\$cBOO
=952  \\$00$10$2ddc$40$6TOP_FR_VIL_7_000000000000000$70$8TOP$99814$aORPH$bORPH$cKTS0$d2020-07-08$eKoopman$i22A05$l0$oTOP FR.VIL 7$p20125627$r2021-01-12 00:00:00$w2021-01-12$yBOO$OKoopman
=999  \\$d9826

