=LDR  01968cam a2200385 a 4500
=001  9827
=005  20250121142125.0
=008  940131s1992\\\\enkafh\\\b\\\\001\0ceng\d
=010  \\$a   94111504 
=015  \\$aGB92-17583
=020  \\$a0901420484
=035  \\$a(OCoLC)27386822
=040  \\$aUk$cUk$dMBAt$dWU$dDLC
=042  \\$alccopycat
=043  \\$ae-uk---
=100  \\$aWarburton, William$d1698-1779$1http://www.wikidata.org/entity/Q1648333$912973
=245  10$aPope's literary legacy :$bthe book-trade correspondence of William Warburton and John Knapton : with other letters and documents, 1744-1780 /$cedited by Donald W. Nichol.
=260  \\$aOxford :$bOxford Bibliographical Society,$c1992.
=300  \\$alxxiv, 223 p., [9] leaves of plates :$bill., facsims. ;$c24 cm.
=490  \\$aOxford Bibliographical Society publications ;$vnew ser., v. 23
=504  \\$aIncludes bibliographical references (p. [205]-210) and index.
=600  \0$aPope, Alexander$d1688-1744$1http://www.wikidata.org/entity/Q164047$912974
=600  \0$aWarburton, William$d1698-1779$1http://www.wikidata.org/entity/Q1648333$912973
=600  \0$aKnapton, John$d1696-1767$1http://www.wikidata.org/entity/Q18576524$912977
=648  \0$a18th Century (1701-1800)$1http://www.wikidata.org/entity/Q7015$920899
=650  \0$aLiterature$1http://www.wikidata.org/entity/Q8242$94439
=650  \0$aPublishing$1http://www.wikidata.org/entity/Q3972943$93049
=650  \0$aPoetry$1http://www.wikidata.org/entity/Q482$93026
=651  \0$aUnited Kingdom$1http://www.wikidata.org/entity/Q21$9273
=700  \\$aKnapton, John$d1696-1767$1http://www.wikidata.org/entity/Q18576524$912977
=700  \\$aNichol, Donald W.$912978
=710  \\$aOxford Bibliographical Society (United Kingdom)$91482
=942  \\$cBOO
=952  \\$00$10$2ddc$40$6BIO_POPE_B$70$8BIO$99815$aORPH$bORPH$cKTS1_P$d2020-07-08$eKoopman$i42E31$oBIO POPE b$p20122017$r2021-01-12 00:00:00$w2021-01-12$yBOO$OKoopman
=999  \\$d9827

