=LDR  01256    a2200277   4500
=001  9828
=005  20251003085458.0
=008  211112s1971\\\\gw\|||||\||||\00|\0\ger\d
=020  \\$a3873970082
=041  \\$ager
=100  \\$aNickel, Ekkehart$4aut$912979
=245  \\$aDer Holzblasinstrumentenbau in der Freien Reichsstadt Nürnberg
=260  \\$c1971$aMunich$bMusikverlag Emil Katzbichler
=300  \\$a497 pages
=336  \\$aprinted
=648  \0$a15th Century (1401-1500)$1http://www.wikidata.org/entity/Q7018$921015
=648  \0$a16th Century (1501-1600)$1http://www.wikidata.org/entity/Q7017$920944
=648  \0$a17th Century (1601-1700)$1http://www.wikidata.org/entity/Q7016$920923
=648  \0$a18th Century (1701-1800)$1http://www.wikidata.org/entity/Q7015$920899
=648  \0$a19th Century (1801-1900)$1http://www.wikidata.org/entity/Q6955$920935
=650  \0$aRecorder$1http://www.wikidata.org/entity/Q187851$91903
=650  \0$aFlute$1http://www.wikidata.org/entity/Q11405$921276
=650  \0$aCatalogue$1http://www.wikidata.org/entity/Q2352616$921484
=942  \\$cBOO
=952  \\$00$10$2ddc$40$6INS_6B_DE_NUR$70$8INS$99816$aORPH$bORPH$cKTS0$d2020-07-08$eKoopman$i19F55$oINS6b DE.NUR$p20125215$r2021-01-12 00:00:00$w2021-01-12$yBOO
=999  \\$d9828

