=LDR  00808aam a2200181   4500
=001  9831
=008  250620s1978\\\\|||oaf||\||||\00|\0\eng\d
=041  \\$aeng
=100  \\$aNicolson, Nigel$912982$4aut
=245  \\$aThe National Trust Book of Great Houses of Britain
=260  \\$c1978$aLondon$bBook Club Associates
=300  \\$a288 pages
=610  \0$aNational Trust (United Kingdom)$1http://www.wikidata.org/entity/Q333515$940433
=650  \0$aArchitecture$1http://www.wikidata.org/entity/Q12271$93185
=651  \0$aUnited Kingdom$1http://www.wikidata.org/entity/Q21$1http://www.wikidata.org/entity/Q145$9273
=942  \\$cBOO
=952  \\$00$10$2ddc$40$6TOP_GB_0_000000000000000$70$8TOP$99819$aORPH$bORPH$cKTS0$d2020-07-08$eKoopman$i20G18$l0$oTOP GB 0$p20128170$r2021-01-12 00:00:00$w2021-01-12$yBOO$OKoopman
=999  \\$d9831

