=LDR  02357cam a2200337   4500
=001  9832
=005  20250926134856.0
=008  180817s2018\\\\gw\g\\\\\\\\\\000\0\ger\d
=020  \\$a9783895641862
=020  \\$a3895641863
=040  \\$aOI
=041  \\$ager
=100  \\$4edt$aStorch, Christian$d1979-$912984
=245  00$aJohann Ludwig Krebs:$bNeue Perspektiven
=260  \\$aSinzig$bStudiopunkt$c2018
=300  \\$a109 pages$bmusic$c25 cm
=490  1\$aSchriften der Academia Musicalis Thuringiæ$v2
=505  00$gÀ gusto italiano: der italienische Stil in Krebs' Klavier- und Orgelwerken / Arne zur Nieden -- Edle Einfalt und grosse Geste: Zu Johann Ludwig Krebs' Magnificatin D (Krebs-WV 105) / Kathrin Kirsch -- Die Kantaten von Johann Ludwig Krebs zwischen Tradition und Innovation / Julian Heigel -- What Did Johann Ludwig Krebs Learn about Arias from His Teacher, Johann Sebastian Bach? / Stephen Crist -- Johann Ludwig Krebs' Verhältnis zum Orgel- und Instrumentenbau seiner Zeit / Felix Friedrich -- Die sechs Triosonaten für Flöte und Basso continuo von Johann Ludwig Krebs / Charris Efthimiou
=520  8\$aMit dieser Publikation wird das breite Œuvre des Bach-Schülers Johann Ludwig Krebs eingehend gewürdigt. Seine Stellung zwischen Barock und Klassik, seine hochvirtuose Orgelmusik, aber auch seine Kantatenkompositionen und sein Wirken als Musiker im mitteldeutschen Raum sind Thema der in diesem Band versammelten Beiträge.
=600  \0$aKrebs, Johann Ludwig$d1713-1780$1http://www.wikidata.org/entity/Q704174$98784
=600  \0$aBach, Johann Sebastian$d1685-1750$1http://www.wikidata.org/entity/Q1339$94766
=648  \0$a18th Century (1701-1800)$1http://www.wikidata.org/entity/Q7015$920899
=650  \0$aMusic history$1http://www.wikidata.org/entity/Q846047$921373
=650  \0$aKeyboard music$1http://www.wikidata.org/entity/Q105715630$921412
=650  \0$aCantata$1http://www.wikidata.org/entity/Q174873$921603
=650  \0$aOrganology$1http://www.wikidata.org/entity/Q899293$921400
=650  \0$aTrio sonata$1http://www.wikidata.org/entity/Q903425$921654
=651  \0$aGermany$1http://www.wikidata.org/entity/Q183$9155
=942  \\$cBOO
=952  \\$00$10$2ddc$40$6BIO_KREB_E$70$8BIO$99820$aORPH$bORPH$cKTS1_P$d2020-07-08$eKoopman$i47E09$oBIO KREB e$p20123658$r2021-01-12 00:00:00$w2021-01-12$yBOO$OKoopman
=999  \\$d9832

