=LDR  00787    a2200145   4500
=001  9833
=008  210311b\\\\\\\\be\|||||\||||\00|\0\eng\d
=041  \\$ager
=100  \\$aNielsch, Astrid$912985
=245  \\$a'Spanischer' und 'italienischer' Stil in der Continuopraxis Spaniens am Begin des 18.Jahrhunderts.$bEine vergleichende quellenstudie anhand der Reglas generales de acompañar von José de Torres y Martinez Bravo (1702 und 1736) und der Continuo-Anweisungen im zweiten Band des Compendio numeroso von Diego Fernandez de Huete (1704)9
=260  \\$c1996$aUtrecht
=300  \\$a98 pages
=942  \\$cDIS
=952  \\$00$10$2ddc$40$6MTP_2_000000000000000_NIEL$70$8MTP$99821$aORPH$bORPH$cKM12_1$d2020-07-08$eKoopman$i21A11$l0$oMTP2 NIEL$p20128332$r2021-01-12 00:00:00$w2021-01-12$yDIS
=999  \\$c9833$d9833

