=LDR  00948aam a2200205   4500
=001  9837
=008  230703s1961\\\\|||g||||\||||\00|\0\ger\d
=041  \\$ager
=100  \\$aNiemöller, Klaus Wolfgang$d1929-2024$4aut$914812
=245  \\$aDie Musica figurativa des Melchior Schanppecher:$bOpus Aureum, Köln 1501, pars III/IV
=260  \\$aCologne$bVolk$c1961
=490  \\$aBeiträge zur Rheinischen Musikgeschichte$v50
=561  \\$aEx libris Karl Gustav Fellerer
=600  \0$926364$aSchanppecher, Melchior$dfl. 1501
=648  \0$1http://www.wikidata.org/entity/Q7017$a16th Century (1501-1600)$920944
=650  \0$1http://www.wikidata.org/entity/Q1544924$aMusical analysis$92775
=651  \0$1http://www.wikidata.org/entity/Q365$aCologne (Germany)$921601
=942  \\$cBOO
=952  \\$00$10$2ddc$40$6BIO_SCHA1_E$70$8BIO$99825$aORPH$bORPH$cKTS1_P$d2020-07-08$eKoopman$i35E06$l0$oBIO SCHA1 e$p20122507$r2021-01-12 00:00:00$w2021-01-12$yBOO$OKoopman
=999  \\$d9837

