=LDR  01227cam a2200253 i 4500
=001  9842
=008  140318s2014\\\\ne\a\\\\\m\\\\001\0\dut\\
=020  \\$a9789087044039
=040  \\$aOI$beng$erda
=041  0\$adut$bDutch$bEnglish
=100  \\$aNieuwenhuis, Ivo$4aut$912992
=245  10$aOnder het mom van satire:$bLaster, spot en ironie in Nederland, 1780-1800
=260  \\$aHilversum$bVerloren$c2014
=300  \\$a282 pages
=500  \\$aAlso appeared as a thesis at the University of Amsterdam. For more information see: https://dare.uva.nl/search?identifier=1b86b301-4818-4d33-82ad-82851bc85ac2.
=504  \\$aIncludes bibliographical references (pages 251-277) and index.
=546  \\$aIn Dutch, with a summary in Dutch and English.
=648  \0$a18th Century (1701-1800)$1http://www.wikidata.org/entity/Q7015$920899
=650  \0$aSatire$1http://www.wikidata.org/entity/Q128758$921636
=650  \0$aLiterature$1http://www.wikidata.org/entity/Q8242$94439
=651  \0$aNetherlands$1http://www.wikidata.org/entity/Q55$9173
=942  \\$cBOO
=952  \\$00$10$2ddc$40$6TOP_NL_5_000000000000000$70$8TOP$99830$aORPH$bORPH$cKTS0$d2020-07-08$eKoopman$l0$oTOP NL 5$p20127443$r2021-01-12 00:00:00$w2021-01-12$yBOO$OKoopman
=999  \\$d9842

