=LDR  03864    a2200433   4500
=001  9844
=005  20250925143258.0
=008  221007s1997\\\\nl\ff|||\||||\00|\0\dut\d
=020  \\$a9789075473032
=041  \\$adut
=100  \\$aNieuwkoop, H. van$4edt$912993
=245  \\$aHet historische orgel in Nederland
=260  \\$c1997$aAmstelveen$bStichting NIVO
=300  \\$a15 vols. (408+384+384+360+416+382+384+384+384+384+384+384+383+383+382 pages)
=648  \0$aPast$1http://www.wikidata.org/entity/Q192630$922196
=648  \0$a17th Century (1601-1700)$1http://www.wikidata.org/entity/Q7016$920923
=648  \0$a18th Century (1701-1800)$1http://www.wikidata.org/entity/Q7015$920899
=648  \0$a19th Century (1801-1900)$1http://www.wikidata.org/entity/Q6955$920935
=648  \0$a20th Century (1901-2000)$1http://www.wikidata.org/entity/Q6927$920936
=650  \0$aOrgan$1http://www.wikidata.org/entity/Q1444$92810
=650  \0$aOrganology$1http://www.wikidata.org/entity/Q899293$921400
=650  \0$aMusic history$1http://www.wikidata.org/entity/Q846047$921373
=651  \0$aNetherlands$1http://www.wikidata.org/entity/Q55$9173
=942  \\$cBOO
=952  \\$00$10$2ddc$31479-1725$40$6INS_3_000000000000000_1A_NL$70$8INS$99832$aORPH$bORPH$cKTS0$d2020-07-08$eKoopman$i37F09$l0$oINS3.1a NL$p20120494$r2021-01-12 00:00:00$w2021-01-12$yBOO$OKoopman
=952  \\$00$10$2ddc$31769-1790$40$6INS_3_000000000000000_1A_NL$70$8INS$922075$aORPH$bORPH$cKTS0$d2020-07-08$eKoopman$i37F09$l0$oINS3.1a NL$p20120492$r2021-01-12 00:00:00$w2021-01-12$yBOO
=952  \\$00$10$2ddc$31790-1818$40$6INS_3_000000000000000_1A_NL$70$8INS$922076$aORPH$bORPH$cKTS0$d2020-07-08$eKoopman$i37F09$l0$oINS3.1a NL$p20120491$r2021-01-12 00:00:00$w2021-01-12$yBOO
=952  \\$00$10$2ddc$31818-1840$40$6INS_3_000000000000000_1A_NL$70$8INS$922077$aORPH$bORPH$cKTS0$d2020-07-08$eKoopman$i37F09$l0$oINS3.1a NL$p20120490$r2021-01-12 00:00:00$w2021-01-12$yBOO
=952  \\$00$10$2ddc$31840-1849$40$6INS_3_000000000000000_1A_NL$70$8INS$922078$aORPH$bORPH$cKTS0$d2020-07-08$eKoopman$i37F09$l0$oINS3.1a NL$p20120489$r2021-01-12 00:00:00$w2021-01-12$yBOO
=952  \\$00$10$2ddc$31850-1858$40$6INS_3_000000000000000_1A_NL$70$8INS$922079$aORPH$bORPH$cKTS0$d2020-07-08$eKoopman$i37F09$l0$oINS3.1a NL$p20120488$r2021-01-12 00:00:00$w2021-01-12$yBOO
=952  \\$00$10$2ddc$318581865$40$6INS_3_000000000000000_1A_NL$70$8INS$922080$aORPH$bORPH$cKTS0$d2020-07-08$eKoopman$i37F09$l0$oINS3.1a NL$p20120487$r2021-01-12 00:00:00$w2021-01-12$yBOO
=952  \\$00$10$2ddc$31865-1872$40$6INS_3_000000000000000_1A_NL$70$8INS$922081$aORPH$bORPH$cKTS0$d2020-07-08$eKoopman$i37F09$l0$oINS3.1a NL$p20120486$r2021-01-12 00:00:00$w2021-01-12$yBOO
=952  \\$00$10$2ddc$31872-1878$40$6INS_3_000000000000000_1A_NL$70$8INS$922082$aORPH$bORPH$cKTS0$d2020-07-08$eKoopman$i37F09$l0$oINS3.1a NL$p20120485$r2021-01-12 00:00:00$w2021-01-12$yBOO
=952  \\$00$10$2ddc$31878-1886$40$6INS_3_000000000000000_1A_NL$70$8INS$922083$aORPH$bORPH$cKTS0$d2020-07-08$eKoopman$i37F09$l0$oINS3.1a NL$p20120484$r2021-01-12 00:00:00$w2021-01-12$yBOO
=952  \\$00$10$2ddc$31886-1894$40$6INS_3_000000000000000_1A_NL$70$8INS$922084$aORPH$bORPH$cKTS0$d2020-07-08$eKoopman$i37F09$l0$oINS3.1a NL$p20120483$r2021-01-12 00:00:00$w2021-01-12$yBOO
=952  \\$00$10$2ddc$31894-1901$40$6INS_3_000000000000000_1A_NL$70$8INS$922085$aORPH$bORPH$cKTS0$d2020-07-08$eKoopman$i37F09$l0$oINS3.1a NL$p20120482$r2021-01-12 00:00:00$w2021-01-12$yBOO
=952  \\$00$10$2ddc$31902-1910$40$6INS_3_000000000000000_1A_NL$70$8INS$922086$aORPH$bORPH$cKTS0$d2020-07-08$eKoopman$i37F09$l0$oINS3.1a NL$p20120481$r2021-01-12 00:00:00$w2021-01-12$yBOO
=952  \\$00$10$2ddc$3Supplements$40$6INS_3_000000000000000_1A_NL$70$8INS$922087$aORPH$bORPH$cKTS0$d2020-07-08$eKoopman$i37F09$l0$oINS3.1a NL$p20120480$r2021-01-12 00:00:00$w2021-01-12$yBOO
=999  \\$d9844

