=LDR  01226cam a2200253 a 4500
=001  9851
=008  930924s1983\\\\enka\\\\\b\\\\000\0\eng\\
=020  \\$a0906894115
=041  \\$aeng
=100  \\$aNiland, Austin$4aut$919422
=245  14$aThe Organ at St. Mary's, Rotherhithe 
=260  \\$aOxford $bPositif$c1983
=300  \\$a31 pages$bill. $c22 cm
=336  \\$aprinted
=504  \\$aIncludes bibliographical references (p. 23-24).
=610  \0$aSt. Mary's Church Rotherhithe (United Kingdom)$1http://www.wikidata.org/entity/Q7590184$91483
=650  \0$aOrgan$1http://www.wikidata.org/entity/Q1444$92810
=650  \0$aOrganology$1http://www.wikidata.org/entity/Q899293$921400
=651  \0$aUnited Kingdom$1http://www.wikidata.org/entity/Q21$9273
=651  \0$aLondon (United Kingdom)$1http://www.wikidata.org/entity/Q84$9123
=942  \\$cBOO
=952  \\$00$10$2ddc$40$6INS_3_000000000000000_1E_GB_LON$70$8INS$99839$aORPH$bORPH$cKTS0$d2020-07-08$eKoopman$i24C47$oINS3.1e GB.LON$p20129005$r2021-01-12 00:00:00$w2021-01-12$yBOO
=952  \\$00$10$2ddc$40$6INS_3_000000000000000_1E_GB_LON$70$8INS$921593$aORPH$bORPH$cKTS0$d2020-07-08$eKoopman$i24C47$l0$oINS3.1e GB.LON$p20130413$r2022-06-15 00:00:00$w2021-01-12$yBOO
=999  \\$d9851

