=LDR  00965aam a2200205   4500
=001  9852
=008  250429r17761967||||||||\m|||\00|\0\eng\d
=041  \\$aeng
=100  \\$aNimetz, D.$912998$4aut
=245  \\$aThe wind music of Carlo Besozzi$nvol. 2$pcritical edition of 24 sonatas
=260  \\$aAnn Arbor, MI$bUMI Research Press$c1976
=500  \\$aPhD dissertation, University of Rochester, 1967
=600  \0$aBesozzi, Carlo$d1738-1791$1http://www.wikidata.org/entity/Q3659077$940105
=648  \0$a18th Century (1701-1800)$1http://www.wikidata.org/entity/Q7015$920899
=650  \0$aWind instrument$1http://www.wikidata.org/entity/Q173453$94615
=650  \0$aSonata$1http://www.wikidata.org/entity/Q131269$921653
=651  \0$aItaly$1http://www.wikidata.org/entity/Q38$922
=942  \\$cBOO
=952  \\$00$10$2ddc$40$6BIO_BESO_B$70$8BIO$99840$aORPH$bORPH$cKTS1_P$d2020-07-08$eKoopman$i32C19$l0$oBIO BESO b$p20122901$r2021-01-12 00:00:00$w2021-01-12$yBOO$OKoopman
=999  \\$d9852

