=LDR  01143aam a2200229   4500
=001  9853
=008  230320s1976\\\\||||||||\||||\00|\0cger\d
=041  \\$ager
=100  \\$aNitzsch, H. von$912999$4aut
=245  \\$aCarlo Farina und Biagio Marini:$bzwei frühe italienische Violinkomponisten
=260  \\$aCologne$c1976
=590  \\$aHausarbeit zum ersten Staatsexamen für das Lehramt Musik an höheren Schulen
=600  \0$aFarina, Carlo$dc. 1600-c. 1640$1http://www.wikidata.org/entity/Q606273$922619
=600  \0$aMarini, Biagio$d1594-1665$1http://www.wikidata.org/entity/Q369787$924837
=648  \0$a17th Century (1601-1700)$1http://www.wikidata.org/entity/Q7016$920923
=650  \0$aComposer$1http://www.wikidata.org/entity/Q36834$93625
=650  \0$aInstrumental music$1http://www.wikidata.org/entity/Q639197$92106
=650  \0$aViolin$1http://www.wikidata.org/entity/Q8355$92783
=651  \0$aItaly$1http://www.wikidata.org/entity/Q38$922
=942  \\$cBOO
=952  \\$00$10$2ddc$40$6BIO_FARI3_D$70$8BIO$99841$aORPH$bORPH$cKTS1_P$d2020-07-08$eKoopman$i32B20$l0$oBIO FARI3 d$p20122945$r2021-01-12 00:00:00$w2021-01-12$yBOO$OKoopman
=999  \\$d9853

