=LDR  01106aam a2200229   4500
=001  9854
=008  221216s1967\\\\|||a||||\b|||\001\0dger\d
=041  \\$ager
=100  \\$aNoack, Elisabeth$4aut$913000
=245  \\$aMusikgeschichte Darmstadts vom Mittelalter bis zur Goethezeit
=260  \\$aMainz$bSchott$c1967
=300  \\$a320-[8] pages
=490  \\$aBeiträge zur mittelrheinischen Musikgeschichte$v8
=648  \0$aMiddle Ages (500-1400)$1http://www.wikidata.org/entity/Q12554$920964
=648  \0$aRenaissance (1400-1600)$1http://www.wikidata.org/entity/Q4692$920965
=648  \0$a17th Century (1601-1700)$1http://www.wikidata.org/entity/Q7016$920923
=648  \0$a18th Century (1701-1800)$1http://www.wikidata.org/entity/Q7015$920899
=650  \0$aMusic history$1http://www.wikidata.org/entity/Q846047$921373
=651  \0$aDarmstadt (Germany)$1http://www.wikidata.org/entity/Q2973$921595
=942  \\$cBOO
=952  \\$00$10$2ddc$40$6TOP_DE_DAR_0_000000000000000$70$8TOP$99842$aORPH$bORPH$cKTS0$d2020-07-08$eKoopman$i20C40$l0$oTOP DE.DAR 0$p20128073$r2021-01-12 00:00:00$w2021-01-12$yBOO$OKoopman
=999  \\$d9854

