=LDR  00926aam a2200205   4500
=001  9855
=008  221216s1963\\\\||||||||\||||\00|\0bger\d
=041  \\$ager
=100  \\$aNoack, Elisabeth$4aut$913000
=245  \\$aWolfgang Carl Briegel, ein Barockkomponist in seiner Zeit
=260  \\$aBerlin$bMerseburger$c1963
=600  \0$aBriegel, Wolfgang Carl$d1626-1712$923879
=648  \0$a17th Century (1601-1700)$1http://www.wikidata.org/entity/Q7016$920923
=648  \0$a18th Century (1701-1800)$1http://www.wikidata.org/entity/Q7015$920899
=650  \0$aComposer$1http://www.wikidata.org/entity/Q36834$93625
=650  \0$aBiography$1http://www.wikidata.org/entity/Q36279$91927
=651  \0$aGermany$1http://www.wikidata.org/entity/Q183$9155
=942  \\$cBOO
=952  \\$00$10$2ddc$40$6BIO_BRIE_D$70$8BIO$99843$aORPH$bORPH$cKTS1_P$d2020-07-08$eKoopman$i32C27$oBIO BRIE d$p20122894$r2021-01-12 00:00:00$w2021-01-12$yBOO$OKoopman
=999  \\$d9855

