=LDR  01072aam a2200205   4500
=001  9856
=008  221216s1960\\\\||||||||\||||\00|\0dger\d
=041  \\$ager
=100  \\$aNoack, F.$4aut$913001
=245  \\$aChristoph Graupner als Kirchenkomponist:$bAusführungen zu Band LI/LII der Denkmäler deutscher Tonkunst, Erste Folge, und Verzeichnis sämtlicher Kantaten Graupners
=260  \\$aWiesbaden$bBreitkopf & Härtel$c1960
=490  \\$aBeihefte zu den Denkmälern deutscher Tonkunst
=600  \0$aGraupner, Christoph$d1683-1760$1http://www.wikidata.org/entity/Q115067$99628
=648  \0$a18th Century (1701-1800)$1http://www.wikidata.org/entity/Q7015$920899
=650  \0$aCantata$1http://www.wikidata.org/entity/Q174873$921603
=650  \0$aChurch music$1http://www.wikidata.org/entity/Q8812109$92283
=651  \0$aDarmstadt (Germany)$1http://www.wikidata.org/entity/Q2973$921595
=942  \\$cBOO
=952  \\$00$10$2ddc$40$6BIO_GRAU_E$70$8BIO$99844$aORPH$bORPH$cKTS1_P$d2020-07-08$eKoopman$i31C13$oBIO GRAU e$p20123257$r2021-01-12 00:00:00$w2021-01-12$yBOO$OKoopman
=999  \\$d9856

