=LDR  00891aam a2200193   4500
=001  9857
=008  221108s2000\\\\||||||||\b|||\00|\0\eng\d
=020  \\$a0953657760
=041  \\$aeng
=100  \\$aNobes, P. H.$4aut$913002
=245  \\$aA Catalogue of Unaccompanied Solo Violin Repertory before ca. 1750:$bAn Annotated Compilation
=260  \\$aIpswich$bRhapsody Ensemble Editions$c2000
=648  \0$a17th Century (1601-1700)$1http://www.wikidata.org/entity/Q7016$920923
=648  \0$a18th Century (1701-1800)$1http://www.wikidata.org/entity/Q7015$920899
=650  \0$aBibliography$1http://www.wikidata.org/entity/Q134995$93965
=650  \0$aViolin$1http://www.wikidata.org/entity/Q8355$92783
=942  \\$cBOO
=952  \\$00$10$2ddc$40$6INS_4_000000000000000_1A$70$8INS$99845$aORPH$bORPH$cKTS0$d2020-07-08$eKoopman$i38E11$l0$oINS4.1a$p20120390$r2021-01-12 00:00:00$w2021-01-12$yBOO$OKoopman
=999  \\$d9857

