=LDR  01242aam a2200253   4500
=001  9858
=005  20250920141340.0
=008  230912s1992\\\\de\a||||\||||\01|\0\ger\d
=041  \\$ager
=100  \\$aNoehles, Karl$4aut$913003
=245  \\$aMusenberg und Midasurteil. Festschrift für Max Wegner zum 90. Geburtstag.$bMusikikonologisches zum Ruckers-Cembalo aus Schloß Velen
=260  \\$aBonn$bHabelt$c1992
=561  \\$aHandwritten dedication by the author
=610  \0$aRuckers family$1http://www.wikidata.org/entity/Q63258083$1http://www.wikidata.org/entity/Q1761361$922344
=648  \0$1http://www.wikidata.org/entity/Q7015$a18th Century (1701-1800)$920899
=650  \0$1http://www.wikidata.org/entity/Q81982$aHarpsichord$92125
=650  \0$1http://www.wikidata.org/entity/Q52954$aKeyboard instrument$92849
=650  \0$1http://www.wikidata.org/entity/Q208145$aIconography$921259
=650  \0$aOrganology$1http://www.wikidata.org/entity/Q899293$921400
=700  \\$4edt$926488$aBrehm, Oliver
=700  \\$4edt$926489$aKlie, Sacha
=942  \\$cBOO
=952  \\$00$10$2ddc$40$6INS_3_000000000000000_2B$70$8INS$99846$aORPH$bORPH$cKTS0$d2020-07-08$eKoopman$i30E22$l0$oINS3.2b$p20123345$r2021-01-12 00:00:00$w2021-01-12$yBOO$OKoopman
=999  \\$d9858

