=LDR  00808aam a2200181   4500
=001  9859
=008  250620s1933\\\\|||bacf|\||||\00|\0dfre\d
=100  \\$aNogué, Edouard$940055$4aut
=245  \\$aSaint-Astier.$bPito Vilo - Grand Cluchié
=260  \\$c1933
=300  \\$a222 pages$ejournal clipings
=500  \\$aThe town's motto ‘pito vilo, grand cluchié’  means "small town, big bell tower"
=650  \0$aHistory$1http://www.wikidata.org/entity/Q309$921403
=650  \0$aUrban design$1http://www.wikidata.org/entity/Q63100$939883
=651  \0$aSaint-Astier (France)$1http://www.wikidata.org/entity/Q877550$940432
=942  \\$cBOO
=952  \\$00$10$2ddc$40$6TOP_FR_SAI7$70$8TOP$99847$aORPH$bORPH$cKTS0$d2020-07-08$eKoopman$i43B39$l0$oTOP FR.SAI7$p20127214$r2021-01-12 00:00:00$w2021-01-12$yBOO$OKoopman
=999  \\$d9859

