=LDR  01054aam a2200217   4500
=001  9860
=005  20250925143258.0
=008  230922s1920\\\\||||||||\||||\00|\0bdut\d
=041  \\$adut
=100  \\$aNolthenius, Hugo$d1892-1979$1http://www.wikidata.org/entity/Q106614727$4aut$926520
=245  \\$aWillem Mengelberg
=260  \\$aBaarn$bHollandia$c1920
=600  \0$1http://www.wikidata.org/entity/Q336725$aMengelberg, Willem$d1871-1951$98237
=610  \0$1http://www.wikidata.org/entity/Q827768$aKoninklijk Concertgebouworkest (Amsterdam, Netherlands)$91650
=648  \0$1http://www.wikidata.org/entity/Q6927$a20th Century (1901-2000)$920936
=650  \0$1http://www.wikidata.org/entity/Q158852$aConductor$93134
=650  \0$1http://www.wikidata.org/entity/Q36279$aBiography$91927
=651  \0$1http://www.wikidata.org/entity/Q727$aAmsterdam (Netherlands)$9135
=942  \\$cBOO
=952  \\$00$10$2ddc$40$6BIO_MENG_D$70$8BIO$99848$aORPH$bORPH$cKTS1_P$d2020-07-08$eKoopman$i23E09$l0$oBIO MENG d$p20128953$r2021-01-12 00:00:00$w2021-01-12$yBOO$OKoopman
=999  \\$d9860

