=LDR  00982aam a2200205   4500
=001  9861
=008  230922s1960\\\\||||||||\||||\00|\0ddut\d
=041  \\$adut
=100  \\$aNolthenius, Hélène$d1920-2000$4aut$914688
=245  \\$aRenaissance in Mei:$bFlorentijns leven rond Francesco Landini (+ 1937)
=260  \\$aUtrecht$bPrisma$c1960
=534  \\$aOriginally published in 1956
=600  \0$1http://www.wikidata.org/entity/Q311674$aLandini, Francesco$dc. 1325-1397$922716
=648  \0$1http://www.wikidata.org/entity/Q12554$aMiddle Ages (500-1400)$920964
=648  \0$1http://www.wikidata.org/entity/Q4692$aRenaissance (1400-1600)$920965
=650  \0$1http://www.wikidata.org/entity/Q858517$aCultural history$922395
=651  \0$1http://www.wikidata.org/entity/Q2044$aFlorence (Italy)$9248
=942  \\$cBOO
=952  \\$00$10$2ddc$40$6TOP_IT_4_000000000000000$70$8TOP$99849$aORPH$bORPH$cKTS0$d2020-07-08$eKoopman$i40G40$oTOP IT 4$p20130287$r2021-01-12 00:00:00$w2021-01-12$yBOO
=999  \\$d9861

