=LDR  00942nam a2200205 a 4500
=001  9862
=005  20250120120534.0
=008  820607s1982\\\\txuaf\\\\b\\\\001\0\eng\\
=020  \\$a0943260000 (pbk.)
=040  \\$aOI
=100  \\$aGuerra, Mary Ann Noonan$4aut$913006
=245  14$aThe Missions of San Antonio:$bSan Jose y San Miguel de Aguayo, Nuestra Senora de la Purisima Concepcion, San Juan Capistrano, San Francisco de la Espada, San Antonio de Valero
=260  \\$aSan Antonio, TX$bAlamo Press$c1982
=300  \\$aii-46 pages, [1] leaf of plates$billustrations (some color)$c28 cm
=504  \\$aBibliography: p. 44.
=650  \0$aArchitecture$1http://www.wikidata.org/entity/Q12271$93185
=651  \0$aTexas (USA)$1http://www.wikidata.org/entity/Q1439$923170
=942  \\$cBOO
=952  \\$00$10$2ddc$40$6TOP_US_TEX$70$8TOP$99850$aORPH$bORPH$cKTS0$d2020-07-08$eKoopman$i40E25$oTOP US.TEX$p20120248$r2021-01-12 00:00:00$w2021-01-12$yBOO
=999  \\$d9862

