=LDR  02227pam a2200385 a 4500
=001  9863
=008  971001s1998\\\\nyuagj\\\b\\\\001\0deng\|
=041  \\$aeng
=100  \\$aNoone, Michael J.$d-1956$913007$4aut
=245  10$aMusic and musicians in the Escorial liturgy under the Habsburgs, 1563-1700
=260  \\$aRochester, NY$bUniversity of Rochester Press$c1998
=300  \\$axvii-396 pages
=490  1\$aEastman studies in music,$x1071-9989 ;$v[9]
=504  \\$aIncludes bibliographical references (p. [356]-387) and index.
=600  \0$aPhilip II of Spain$d1527-1598$1http://www.wikidata.org/entity/Q34417$940215
=600  \0$aPhilip III of Spain $d1587-1621$1http://www.wikidata.org/entity/Q34464$940227
=600  \0$aPhilip IV of Spian$d1605-1665$1http://www.wikidata.org/entity/Q691402$940228
=600  \0$aCharles II of Spain$d1661-1700$1http://www.wikidata.org/entity/Q36174$940229
=610  \0$aRoyal Monastery of San Lorenzo de El Escorial  (Madrid, Spain)$1http://www.wikidata.org/entity/Q28471$91486
=610  \0$aHouse of Habsburg$1http://www.wikidata.org/entity/Q65968$922829
=648  \0$a17th Century (1601-1700)$1http://www.wikidata.org/entity/Q7016$920923
=648  \0$a16th Century (1501-1600)$1http://www.wikidata.org/entity/Q7017$920944
=650  \0$aChurch music$1http://www.wikidata.org/entity/Q8812109$92283
=650  \0$aLiturgy$1http://www.wikidata.org/entity/Q172331$92284
=650  \0$aCatholicism$1http://www.wikidata.org/entity/Q1841$921631
=650  \0$aMusic history$1http://www.wikidata.org/entity/Q846047$921373
=650  20$aCatholicism$1http://www.wikidata.org/entity/Q1841$921631
=650  20$aPatronage$1http://www.wikidata.org/entity/Q214092$94245
=650  20$aCappella$1http://www.wikidata.org/entity/Q19902156$922910
=650  20$aMusician$1http://www.wikidata.org/entity/Q639669$93574
=650  20$aBiography$1http://www.wikidata.org/entity/Q36279$91927
=651  \0$aSan Lorenzo de El Escorial$1http://www.wikidata.org/entity/Q31923752$940230
=942  \\$cBOO
=952  \\$00$10$2ddc$40$6TOP_ES_MAD_4_000000000000000$70$8TOP$99851$aORPH$bORPH$cKTS0$d2020-07-08$eKoopman$i29C28$l0$oTOP ES.MAD 4$p20123456$r2021-01-12 00:00:00$w2021-01-12$yBOO$OKoopman
=999  \\$d9863

