=LDR  02192    a2200229   4500
=001  9864
=008  210505s1956\\\\\\\|||||\||||\00|\0\mul\d
=041  \\$aeng$ager$adut$afre$alat
=100  \\$aNoot, Jonker Jan van der$d1539-1595$4aut$1http://www.wikidata.org/entity/Q1269011$913008
=245  \\$aThe Olympia Epics of Jan van der Noot
=260  \\$c1956$aAssen$bVan Gorcum
=300  \\$a274 pages
=490  \\$aNeerlandica traiectina$vIII
=500  \\$aFacsimile edition of 'Das Buch Extasis', 'Een cort begryp der XII. boecken olympiados' and 'Abrege des douze livres olympiades'
=500  \\$aWith this work, Van der Noot ventured an attempt at a great epic. It was to be called Olympia after the beloved who is there the object of a long and dangerous wandering of the soul, dreamed of by the poet on a spring day. That is why in the German edition - the most complete that remains of it - the work is called 'Das Buch Extasis,' for ecstasy is the going out of the soul from the body. Such soul journeys based on the philosophy of Plato are quite common in European literature. Van der Noot was inspired by an Italian work of this kind from 1499 via a French adaptation. During such a journey, the soul was allowed to gain victories over the powers of hell. He is assisted by the good forces: freedom, reason, deliberation, will, virtue, etc. Along the way he is crowned poet by Apollo and the muses on the Parnassus and from time to time meetings with the beloved took place until finally the poet has reached heaven where the wedding banquet, attended by the gods, is festively arranged and celebrated with songs and speeches. Then the poet awakens from dream; the nightingale sings in the tree under which he lies.
=648  \0$a16th Century (1501-1600)$1http://www.wikidata.org/entity/Q7017$920944
=650  \0$aPoetry$1http://www.wikidata.org/entity/Q482$93026
=651  \0$aAntwerp (Belgium)$1http://www.wikidata.org/entity/Q12892$920974
=700  \\$4edt$aZaalberg, C. A.$d1909-2004$921437
=942  \\$cBOO
=952  \\$00$10$2ddc$40$6TRE_LIT_NOOT_A$70$8TRE$99852$aORPH$bORPH$cKTS1_H$d2020-07-08$eKoopman$i21F42$oTRE-->LIT NOOT a$p20125533$r2021-01-12 00:00:00$w2021-01-12$yBOO
=999  \\$d9864

