=LDR  01038pam a2200229 a 4500
=001  9866
=008  920520s1992\\\\miua\\\\\b\\\\001\0\eng\\
=041  \\$aeng
=100  \\$aNordstrom, Lyle$4aut$913010
=245  14$aThe Bandora:$bIts Music and Sources
=260  \\$aWarren, MI$bHarmonie Park$c1992
=300  \\$axiv-147 pages$bill. $c29 cm.
=490  \\$aDetroit Studies in Music Bibliography $v66
=504  \\$aIncludes bibliographical references (p. [135]-139) and index.
=648  \0$a17th Century (1601-1700)$1http://www.wikidata.org/entity/Q7016$920923
=650  \0$aChamber music$1http://www.wikidata.org/entity/Q189201$92105
=650  \0$aBandora$1http://www.wikidata.org/entity/Q16950185$93465
=650  \0$aMusic history$1http://www.wikidata.org/entity/Q846047$921373
=651  \0$aUnited Kingdom$1http://www.wikidata.org/entity/Q21$9273
=942  \\$cBOO
=952  \\$00$10$2ddc$40$6INS_5_000000000000000_9A$70$8INS$99854$aORPH$bORPH$cKTS0$d2020-07-08$eKoopman$i31B31$oINS5.9a$p20121098$r2021-01-12 00:00:00$w2021-01-12$yBOO
=999  \\$d9866

