=LDR  01442    a2200277   4500
=001  9867
=005  20251003085458.0
=008  211026s1963\\\\gw\|||||\||||\00|\0\ger\d
=041  \\$ager
=100  \\$aNorlind, Tobias$4aut$913011
=245  \\$aSystematik der Saiteninstrumente.$bMusikhistorisches Museum Stockholm$n2$pGeschichte des Klaviers
=260  \\$aStockholm$aHannover$bVerlag für Musikalische Kultur und Wissenschaft$bKüster $c1939
=300  \\$a244 pages
=561  \\$aEx Libris Wilhelm Krumbach
=648  \0$aMiddle Ages (500-1400)$1http://www.wikidata.org/entity/Q12554$920964
=648  \0$a15th Century (1401-1500)$1http://www.wikidata.org/entity/Q7018$921015
=648  \0$a16th Century (1501-1600)$1http://www.wikidata.org/entity/Q7017$920944
=648  \0$a17th Century (1601-1700)$1http://www.wikidata.org/entity/Q7016$920923
=648  \0$a18th Century (1701-1800)$1http://www.wikidata.org/entity/Q7015$920899
=648  \0$a19th Century (1801-1900)$1http://www.wikidata.org/entity/Q6955$920935
=650  \0$aKeyboard instrument$1http://www.wikidata.org/entity/Q52954$92849
=650  \0$aPlucked string instrument$1http://www.wikidata.org/entity/Q230262$921883
=650  \0$aCatalogue$1http://www.wikidata.org/entity/Q2352616$921484
=942  \\$cBOO
=952  \\$00$10$2ddc$40$6INS_3A_SE_STO1$70$8INS$99855$aORPH$bORPH$cKTS0$d2020-07-08$eKoopman$i46G33$oINS3a SE.STO1$p20126980$r2021-01-12 00:00:00$w2021-01-12$yBOO
=999  \\$d9867

