=LDR  00756    a2200193   4500
=001  9869
=008  211119s1987\\\\-ukg||||\||||\00|\0\eng\d
=020  \\$a0571100465
=041  \\$aeng
=100  \\$aNorth, Nigel$4aut$922972
=245  \\$aContinuo Playing on the Lute, Archlute and Theorbo
=260  \\$c1987$aLondon$aBoston$bFaber Music
=300  \\$a305 pages
=650  \0$aLute$1http://www.wikidata.org/entity/Q180733$93944
=650  \0$aMethod$1http://www.wikidata.org/entity/Q2250960$921402
=650  \0$aBasso continuo$1http://www.wikidata.org/entity/Q724321$921065
=942  \\$cBOO
=952  \\$00$10$2ddc$40$6INS_5_000000000000000_1A$70$8INS$99857$aORPH$bORPH$cKTS0$d2020-07-08$eKoopman$i21A09$oINS5.1a$p20128334$r2021-01-12 00:00:00$w2021-01-12$yBOO
=999  \\$d9869

