=LDR  00864cam a22002051  4500
=001  9870
=005  20250820140738.0
=008  740208s1959\\\\xx\\\\\\\\\\\\000\0\eng\\
=010  \\$a   59016774 
=041  \\$aeng
=100  \\$aNorth, Roger$d1651-1734$4aut$1http://www.wikidata.org/entity/Q354440$921443
=245  10$aRoger North on Music: Being a Selection from his Essays written during the years c. 1695-1728
=260  \\$aLondon$bNovello$c1959
=300  \\$a372 pages
=650  \0$aMusic history$1http://www.wikidata.org/entity/Q846047$921373
=700  \\$aWilson, John$d1595-1674$4edt$4trc$921444
=942  \\$cBOO
=952  \\$00$10$2ddc$40$6TRE_NORT$70$8TRE$99858$aORPH$bORPH$cKTS1_H$d2020-07-08$eKoopman$i19D26$l0$oTRE NORT$p20127842$r2021-01-12 00:00:00$w2021-01-12$yBOO
=999  \\$c9870$d9870
=650  \0$aMusic criticism$1http://www.wikidata.org/entity/Q11748889$921598

