=LDR  01280cam a2200289 a 4500
=001  9871
=005  20250121142125.0
=008  000728s1999\\\\at\\\\\\\i\\\\001\0\eng\d
=010  \\$a   00340744 
=020  \\$a0957757808
=035  \\$a(CSt)(Sirsi)a4646969
=035  \\$a(CStRLIN)CSUGA4646969-B
=040  \\$aEQO$cEQO$dDLC
=100  \\$aChan, Mary$913015
=245  10$aRoger North's writings on music c.1704-c.1709 :$bdigests of the manuscripts /$cby Mary Chan and Jamie C. Kassler ; with analytical indexes by Janet D. Hine.
=260  \\$aKensington, NSW :$bSchool of English, University of New South Wales,$c1999.
=300  \\$a172 p. ;$c21 cm.
=600  \0$aNorth, Roger$d1651-1734$1http://www.wikidata.org/entity/Q354440$921443
=650  \0$aMusic theory$1http://www.wikidata.org/entity/Q193544$92662
=650  \0$aMusic theory$1http://www.wikidata.org/entity/Q193544$92662
=700  \\$aHine, Janet D.$913017
=700  \\$aKassler, Jamie Croy$913018
=942  \\$cBOO
=952  \\$00$10$2ddc$40$6BIO_NORT_C$70$8BIO$99859$aORPH$bORPH$cKTS1_P$d2020-07-08$eKoopman$i21B61$l0$oBIO NORT c$p20128381$r2021-01-12 00:00:00$w2021-01-12$yBOO$OKoopman
=999  \\$c9871$d9871
=490  \\$aNorth papers ;$v5
=648  \0$a18th Century (1701-1800)$1http://www.wikidata.org/entity/Q7015$920899

