=LDR  01314aam a2200253   4500
=001  9872
=008  250828s2000\\\\||||||||\||||\00|\0deng\d
=020  \\$a0957757816
=041  \\$aeng
=100  \\$aNorth, Roger$d1651-1734$1http://www.wikidata.org/entity/Q354440$921443$4aut
=245  \\$aRoger North's 'Of Sound' and Prendcourt Tracts c.1710-c.1716:$bDigests and Editions ... with an Analytical Index
=260  \\$aKensington, Australia$bSchool of English, University of New South Wales$c2000
=490  \\$aNorth Papers$v6
=648  \0$a18th Century (1701-1800)$1http://www.wikidata.org/entity/Q7015$920899
=650  \0$aMusic history$1http://www.wikidata.org/entity/Q846047$921373
=650  \0$aDiary$1http://www.wikidata.org/entity/Q185598$921711
=650  \0$aMusic theory$1http://www.wikidata.org/entity/Q193544$92662
=651  \0$aUnited Kingdom$1http://www.wikidata.org/entity/Q21$1http://www.wikidata.org/entity/Q145$9273
=700  \\$aChan, Mary$4edt$913015
=700  \\$aKassler, Jamie Croy$1http://www.wikidata.org/entity/Q105443787$4edt$913018
=700  \\$aHine, Janet D.$4edt$913017
=942  \\$cBOO
=952  \\$00$10$2ddc$40$6BIO_NORT_CTRE_NORT$70$8BIO$99860$aORPH$bORPH$cKTS1_P$d2020-07-08$eKoopman$i21B62$l0$oBIO NORT c-->TRE NORT$p20128380$r2021-01-12 00:00:00$w2021-01-12$yBOO$OKoopman
=999  \\$d9872

