=LDR  00978    a2200217   4500
=001  9873
=008  211013s1989\\\\\\\|||||\||||\00|\0deng\d
=020  \\$a0858238225
=041  \\$aeng
=245  \\$aRoger North. Materials for a Chronology of his Writings$nChecklist no. 1
=260  \\$aKensington$bUniversity of New South Wales, School of English$c1989
=490  \\$aNorth Papers$v4
=600  \0$aNorth, Roger$d1651-1734$1http://www.wikidata.org/entity/Q354440$921443
=648  \0$a17th Century (1601-1700)$1http://www.wikidata.org/entity/Q7016$920923
=648  \0$a18th Century (1701-1800)$1http://www.wikidata.org/entity/Q7015$920899
=650  \0$aMusic criticism$1http://www.wikidata.org/entity/Q11748889$921598
=700  \\$4edt$aChan, Mary$913015
=700  \\$4edt$aKassler, Jamie Croy$913018
=942  \\$cBOO
=952  \\$00$10$2ddc$40$6BIO_NORT_E$70$8BIO$99861$aORPH$bORPH$cKTS1_P$d2020-07-08$eKoopman$i23G01$oBIO NORT e$p20125788$r2021-01-12 00:00:00$w2021-01-12$yBOO
=999  \\$d9873

