=LDR  01552cam a2200301 a 4500
=001  9877
=005  20250120120149.0
=008  901219s1989\\\\gw\a\\\\\b\\\\001\0\eng\\
=020  \\$a3795904587 (v. 1)
=020  \\$a3795904595 (v. 2)
=040  \\$aOI
=041  \\$aeng
=100  \\$aNoske, Frits$d1920-1993$4aut$913020
=245  10$aMusic Bridging Divided Religions:$bThe Motet in the Seventeenth-Century Dutch Republic
=260  \\$aWilhelmshaven$bNoetzel$bHeinrichshofen$aNew York, NY$bPeters$c1989
=300  \\$a2 vols. (548 p.) :$bill. ;$c22 cm.
=490  \\$aPaperbacks on Musicology$v10-11
=504  \\$aIncludes bibliographical references and index.
=505  0\$av. 1. [without special title] -- v. 2. Catalogue of extant motets, Masses, and litanies. Transcription of selected motets.
=648  \0$a17th Century (1601-1700)$1http://www.wikidata.org/entity/Q7016$920923
=650  \0$aMotet$1http://www.wikidata.org/entity/Q188285$92028
=650  \0$aVocal music$1http://www.wikidata.org/entity/Q685884$93319
=650  \0$aMusic history$1http://www.wikidata.org/entity/Q846047$921373
=651  \0$aNetherlands$1http://www.wikidata.org/entity/Q55$9173
=942  \\$cBOO
=952  \\$00$10$40$6TOP_NL_5_000000000000000$70$8TOP$99864$aORPH$bORPH$cKTS0$d2020-07-08$eKoopman$i45D24$l0$oTOP NL 5$p20127306$r2021-01-12 00:00:00$w2021-01-12$yBOO$OKoopman
=952  \\$00$10$40$6TOP_NL_5_000000000000000$70$8TOP$99865$aORPH$bORPH$cKTS0$d2020-07-08$eKoopman$i45D24$l0$oTOP NL 5$p20127305$r2021-01-12 00:00:00$w2021-01-12$yBOO$OKoopman
=999  \\$c9877$d9877

