=LDR  01137aam a2200217   4500
=001  9878
=008  230928s1969\\\\|||g||||\||||\00|\0\dut\d
=041  \\$adut
=100  \\$aNoske, Frits$d1920-1993$913020$4aut
=245  \\$aForma Formans:$bEen structuuranalytische methode, toegepast op de instrumentale muziek van Jan Pieterszoon Sweelinck
=260  \\$aAmsterdam$bKnuf$c1969
=600  \0$1http://www.wikidata.org/entity/Q110294$aSweelinck, Jan Pieterszoon$d1562-1621$911454
=648  \0$1http://www.wikidata.org/entity/Q7017$a16th Century (1501-1600)$920944
=648  \0$1http://www.wikidata.org/entity/Q7016$a17th Century (1601-1700)$920923
=650  \0$1http://www.wikidata.org/entity/Q639197$aInstrumental music$92106
=650  \0$1http://www.wikidata.org/entity/Q1544924$aMusical analysis$92775
=650  \0$1http://www.wikidata.org/entity/Q179168$aStructuralism$926536
=651  \0$1http://www.wikidata.org/entity/Q55$aNetherlands$9173
=942  \\$cBOO
=952  \\$00$10$2ddc$40$6BIO_SWEE1_E$70$8BIO$99866$aORPH$bORPH$cKTS1_P$d2020-07-08$eKoopman$i20D48$l0$oBIO SWEE1 e$p20125343$r2021-01-12 00:00:00$w2021-01-12$yBOO$OKoopman
=999  \\$d9878

