=LDR  01170cam a2200253 i 4500
=001  9879
=008  801021s1980\\\\gw\abjc\\b\\\\001\0dger\|
=015  \\$aGFR80-A
=020  \\$a3765417890 :$cDM98.00
=040  \\$aOI
=100  \\$aNösselt, Hans-Joachim$d1904-1981$1http://www.wikidata.org/entity/Q95635391$913022$4aut
=245  14$aEin ältest Orchester 1530-1980.$b450 Jahre Bayerisches Hof- und Staatsorchester
=260  \\$aMünchen$bBruckmann$c1980
=300  \\$a256 pages
=504  \\$aBibliography: p. 248-250.
=610  \0$aBayerisches Staatsorchester (Munich, Germany)$91487
=650  \0$aMusic history$1http://www.wikidata.org/entity/Q846047$921373
=650  \0$aCappella$1http://www.wikidata.org/entity/Q19902156$922910
=650  \0$aOrchestra$1http://www.wikidata.org/entity/Q42998$93159
=651  \0$aMunich (Germany)$1http://www.wikidata.org/entity/Q1726$9268
=700  \\$aSawallisch, Wolfgang $d1923-2013$1http://www.wikidata.org/entity/Q61205$4win$940122
=942  \\$cBOO
=952  \\$00$10$2ddc$40$6TOP_DE_MUN1$70$8TOP$99867$aORPH$bORPH$cKTS0$d2020-07-08$eKoopman$i21A52$l0$oTOP DE.MUN1$p20128348$r2021-01-12 00:00:00$w2021-01-12$yBOO$OKoopman
=999  \\$d9879

