=LDR  01279aam a2200253   4500
=001  9881
=008  250627s1955\\\\||||||||\||||\00|\0dger\d
=041  \\$ager$heng
=245  \\$aEine Wallfahrt zu Mozart
=260  \\$aBonn$bBoosey & Hawkes$c1955
=600  \0$aMozart, Wolfgang Amadeus$d1756-1791$1http://www.wikidata.org/entity/Q254$95341
=600  \0$aWeber, Constanze$d1763-1842$1http://www.wikidata.org/entity/Q84464$912883
=648  \0$a19th Century (1801-1900)$1http://www.wikidata.org/entity/Q6955$920935
=650  \0$aTravel$1http://www.wikidata.org/entity/Q61509$94440
=650  \0$aDiary$1http://www.wikidata.org/entity/Q185598$921711
=650  \0$aComposer$1http://www.wikidata.org/entity/Q36834$93625
=650  \0$aLegacy$1http://www.wikidata.org/entity/Q623282$922131
=651  \0$aAustria$1http://www.wikidata.org/entity/Q40$9202
=700  \\$aNovello, Vincent$d1781-1861$1http://www.wikidata.org/entity/Q2526705$4aut$913025
=700  \\$aNovello, Mary Sabilla Hehl$dc. 1789-1854$1http://www.wikidata.org/entity/Q55909306$4aut$913028
=700  \\$aRoth, E.$4edt$940466
=942  \\$cBOO
=952  \\$00$10$2ddc$40$6BIO_MOZA1_B$70$8BIO$99869$aORPH$bORPH$cKTS1_P$d2020-07-08$eKoopman$i23G05$oBIO MOZA1 b$p20125783$r2021-01-12 00:00:00$w2021-01-12$yBOO$OKoopman
=999  \\$d9881

