=LDR  01690cam a2200349 i 4500
=001  9882
=005  20250627092733.0
=008  770929s1975\\\\enkacfg\\b\\\\001\0\eng\\
=015  \\$aGB76-11075
=020  \\$a0903873303 :$c£7.00
=020  \\$a0903873109 (pbk.)
=040  \\$aOI
=041  \\$aeng
=245  12$aA Mozart Pilgrimage:$bBeing the Travel Diaries of Vincent & Mary Novello in the Year 1829
=260  \\$aLondon$bEulenburg$c1975
=300  \\$axli-362 pages, [16] pages of plates$billustrations (some color), facsimiles, music, portraits$c22 cm
=504  \\$aBibliography: p. 355.
=600  \0$aMozart, Wolfgang Amadeus$d1756-1791$1http://www.wikidata.org/entity/Q254$95341
=600  \0$aWeber, Constanze$d1763-1842$1http://www.wikidata.org/entity/Q84464$912883
=648  \0$a19th Century (1801-1900)$1http://www.wikidata.org/entity/Q6955$920935
=650  \0$aTravel$1http://www.wikidata.org/entity/Q61509$94440
=650  \0$aDiary$1http://www.wikidata.org/entity/Q185598$921711
=650  \0$aComposer$1http://www.wikidata.org/entity/Q36834$93625
=650  \0$aLegacy$1http://www.wikidata.org/entity/Q623282$922131
=651  \0$aAustria$1http://www.wikidata.org/entity/Q40$9202
=700  \\$aNovello, Vincent$d1781-1861$1http://www.wikidata.org/entity/Q2526705$913025
=700  \\$aNovello, Mary Sabilla Hehl$dc. 1789-1854$1http://www.wikidata.org/entity/Q55909306$913028
=700  \\$aMedici di Marignano, Nerina$913029$4edt
=700  \\$aHughes, Rosemary$913030$4edt
=942  \\$cBOO
=952  \\$00$10$2ddc$40$6BIO_MOZA1_B$70$8BIO$99870$aORPH$bORPH$cKTS1_P$d2020-07-08$eKoopman$i45D25$oBIO MOZA1 b$p20127304$r2021-01-12 00:00:00$w2021-01-12$yBOO$OKoopman
=999  \\$d9882

