=LDR  00366    a2200109   4500
=001  9883
=100  \\$aNuchelmans, Jan$d1950-$919147
=245  \\$aErasmus en de muziek
=260  \\$c1986
=942  \\$cBOO
=952  \\$00$10$2ddc$40$6BIO_ERAS_E$70$8BIO$99871$aORPH$bORPH$cKTS1_P$d2020-07-08$eKoopman$i32B18$oBIO ERAS e$p20122947$r2021-01-12 00:00:00$w2021-01-12$yBOO$OKoopman
=999  \\$c9883$d9883

