=LDR  01442aam a2200265   4500
=001  9884
=008  211124s1886\\\\\\\ga|||\||||\000\0\fre\d
=041  \\$afre
=245  \\$aLes origines de l'opéra français
=250  \\$a1st ed.
=260  \\$aParis$bPlon$c1886
=300  \\$alxxii-340 pages$billustrations
=590  \\$ad'après les minutes des notaires, les registres de la conciergerie et les documents originaux conservés aux Archives Nationales, à la Comédie française et dans diverses collections publiques et particulières
=648  \0$a17th Century (1601-1700)$1http://www.wikidata.org/entity/Q7016$920923
=650  \0$aOpera$1http://www.wikidata.org/entity/Q1344 $92468
=650  \0$aHistory of dance$1http://www.wikidata.org/entity/Q27730$939407
=650  \0$aTheater history$1http://www.wikidata.org/entity/Q1061140$94607
=650  \0$aMusic history$1http://www.wikidata.org/entity/Q846047$921373
=651  \0$aFrance$1http://www.wikidata.org/entity/Q142$9131
=700  \\$4aut$aNuitter, Charles$d1828-1899$1http://www.wikidata.org/entity/Q947276$913032
=700  \\$4aut$aThoinan, Ernest$d1827-1894$1http://www.wikidata.org/entity/Q18117907$94861
=856  \\$uhttps://gallica.bnf.fr/view3if/ga/ark:/12148/bpt6k6438743n$3IIIF
=942  \\$cBOO
=952  \\$00$10$2ddc$40$6TOP_FR_5_000000000000000$70$8TOP$99872$aORPH$bORPH$cKTS0$d2020-07-08$eKoopman$i45E12$oTOP FR 5$p20127478$r2021-01-12 00:00:00$w2021-01-12$yBOO
=999  \\$d9884

