=LDR  01527cam a2200289 a 4500
=001  9886
=005  20250820153550.0
=008  060623s2007\\\\enkag\\\\b\\\\001\0\eng\\
=020  \\$a0754605671 (hbk. : alk. paper)
=020  \\$a9780754605676 (hbk. : alk. paper)
=040  \\$aOI
=041  \\$aeng
=100  \\$aNuti, Giulia$d-1976$4aut$913034
=245  14$aThe Performance of Italian Basso Continuo:$bStyle in Keyboard Accompaniment in the Seventeenth and Eighteenth Centuries
=260  \\$aAldershot$aBurlington, VT$bAshgate$c2007
=300  \\$axiv-148 pages$billustrations, music$c24 cm
=504  \\$aIncludes bibliographical references (p. [133]-139) and indexes.
=505  0\$aIntroduction -- Forms of accompaniment in the sixteenth century -- The early seventeenth century -- The eighteenth century -- The end of basso continuo creativity.
=648  \0$a17th Century (1601-1700)$1http://www.wikidata.org/entity/Q7016$920923
=648  \0$a18th Century (1701-1800)$1http://www.wikidata.org/entity/Q7015$920899
=650  \0$aBasso continuo$1http://www.wikidata.org/entity/Q724321$921065
=650  \0$aHistorically informed performance$1http://www.wikidata.org/entity/Q1344860$920980
=650  \0$aMusic history$1http://www.wikidata.org/entity/Q846047$921373
=651  \0$aItaly$1http://www.wikidata.org/entity/Q38$922
=942  \\$cBOO
=952  \\$00$10$2ddc$40$6MTP_2_000000000000000_NUTI$70$8MTP$99874$aORPH$bORPH$cKM12_1$d2020-07-08$eKoopman$i37E11$oMTP2 NUTI$p20122450$r2021-01-12 00:00:00$w2021-01-12$yBOO
=999  \\$d9886

