=LDR  01359pam a2200265 a 4500
=001  9887
=008  890607s1990\\\\-ukag\\\\b\\\\001\0\eng\\
=041  \\$aeng
=100  \\$aO'Brien, Grant G.$913035$4cur
=245  10$aRuckers.$bA Harpsichord and Virginal Building Tradition
=260  \\$aCambridge$aNew York $bCambridge University Press$c1990
=300  \\$axxii- 346 pages$bill. $c29 cm.
=490  \\$aCambridge musical texts and monographs
=504  \\$aIncludes bibliographical references (p. 309-318) and index.
=610  \0$aRuckers family$1http://www.wikidata.org/entity/Q63258083$922344
=650  \0$aHarpsichord$1http://www.wikidata.org/entity/Q81982$92125
=650  \0$aKeyboard instrument$1http://www.wikidata.org/entity/Q52954$92849
=650  \0$aOrganology$1http://www.wikidata.org/entity/Q899293$921400
=651  \0$1http://www.wikidata.org/entity/Q55$aNetherlands$9173
=651  \0$1http://www.wikidata.org/entity/Q12892$aAntwerp (Belgium)$920974
=856  \\$uhttp://www.loc.gov/catdir/description/cam024/89035660.html$3Publisher description
=856  \\$uhttp://www.loc.gov/catdir/toc/cam024/89035660.html$3Table of contents
=942  \\$cBOO
=952  \\$00$10$2ddc$40$6INS_3_000000000000000_2B_RUCK$70$8INS$99875$aORPH$bORPH$cKTS0$d2020-07-08$eKoopman$i23C19$l0$oINS3.2b RUCK$p20128572$r2021-01-12 00:00:00$w2021-01-12$yBOO$OKoopman
=999  \\$d9887

