=LDR  01613cam a22002774a 4500
=001  9888
=005  20250121142125.0
=008  080307s2008\\\\-usa\\\\\bc\\\001\0\eng\\
=020  \\$a9780754658856 (alk. paper)
=040  \\$aOI
=100  \\$aO'Loghlin, Michael$4aut$913036
=245  10$aFrederick the Great and his Musicians.$bThe Viola da Gamba Music of the Berlin School
=260  \\$aBurlington$bAshgate$c2008
=300  \\$axviii-253 pages$bill.$c24 cm.
=504  \\$a"Thematic catalogue of the works of the Berlin School for viola da gamba, with all known sources and modern editions": p.
=504  \\$aIncludes bibliographical references (p. [236]-248) and index.
=505  0\$aBerlin and the Berlin school -- The sources -- The forms and genres used in the Berlin gamba music -- Alternative instrumentation for the viola da gamba parts -- Ludwig Christian Hesse -- The composers and their works.
=600  \0$aHesse, Ludwig Christian$d1716-1772$1http://www.wikidata.org/entity/Q1684119$913037
=648  \0$a18th Century (1701-1800)$1http://www.wikidata.org/entity/Q7015$920899
=650  \0$aViola da gamba$1http://www.wikidata.org/entity/Q96066477$93955
=650  \0$aMusic history$1http://www.wikidata.org/entity/Q846047$921373
=651  \0$aGermany$1http://www.wikidata.org/entity/Q183$9155
=856  \\$uhttp://www.loc.gov/catdir/toc/ecip0812/2008010399.html$3Table of contents only
=942  \\$cBOO
=952  \\$00$10$2ddc$40$6INS_4_000000000000000_5D_OLOG$70$8INS$99876$aORPH$bORPH$cKTS0$d2020-07-08$eKoopman$i41C13$l0$oINS4.5d  OLOG$p20122173$r2021-01-12 00:00:00$w2021-01-12$yBOO$OKoopman
=999  \\$d9888

