=LDR  01142aam a2200241   4500
=001  9894
=005  20250926134856.0
=008  250318s1997\\\\|||oa|||\b|||\00|\0\ger\d
=041  \\$ager
=100  \\$aOefner, Claus$913044$4edt
=245  \\$aSammeln, Bewahren, Weitergeben.$bFestschrift zum neunzigjährigen Bestehen des Bachhauses Eisenach als Museum
=246  \1$aSammeln, Bewahren, Weitergeben.$bNeun Jahrzehnte Bachhaus Eisenach
=260  \\$c1997
=300  \\$a52 pages
=600  \0$aBach, Johann Sebastian$d1685-1750$1http://www.wikidata.org/entity/Q1339$94766
=610  \0$aBachhaus (Eisenach, Germany)$1http://www.wikidata.org/entity/Q798175$91787
=650  \0$aCultural history$1http://www.wikidata.org/entity/Q858517$922395
=650  \0$aMuseum$1http://www.wikidata.org/entity/Q33506$93137
=650  \0$aCollecting$1http://www.wikidata.org/entity/Q208165$92117
=651  \0$aEisenach (Germany)$1http://www.wikidata.org/entity/Q7070$922310
=942  \\$cBOO
=952  \\$00$10$2ddc$40$6TOP_DE_EIS$70$8TOP$99882$aORPH$bORPH$cKTS0$d2020-07-08$eKoopman$i35A40$l0$oTOP DE.EIS$p20122518$r2021-01-12 00:00:00$w2021-01-12$yBOO$OKoopman
=999  \\$d9894

