=LDR  01253aam a2200241   4500
=001  9895
=008  210928s1980\\\\\\\ah|||\||||\00|\0dger\d
=041  \\$ager
=100  \\$aOefner, Claus$4aut$913044
=245  \\$aTelemann in Eisenach:$bDie Eisenacher Musikpflege im frühen 18. Jahrhundert
=260  \\$aEisenach$bKreiskommission zur Erforschung der Örtlichen Geschichte der Arbeiterbewegung bei der Kreisleitung der SED$c1980
=300  \\$a64 pages
=490  \\$aEisenacher Schriften zur Heimatkunde$v8
=600  \0$aTelemann, Georg Philipp$d1681-1767$1http://www.wikidata.org/entity/Q75854$99287
=600  \0$aEberlin, Daniel$d1647-c. 1715$1http://www.wikidata.org/entity/Q323786$922313
=610  \0$aBach family$1http://www.wikidata.org/entity/Q169509$922324
=648  \0$a18th Century (1701-1800)$1http://www.wikidata.org/entity/Q7015$920899
=650  \0$aMusic history$1http://www.wikidata.org/entity/Q846047$921373
=650  \0$aCourt$1http://www.wikidata.org/entity/Q1134237$922191
=651  \0$aEisenach (Germany)$1http://www.wikidata.org/entity/Q7070$922310
=942  \\$cBOO
=952  \\$00$10$2ddc$40$6BIO_TELE_E$70$8BIO$99883$aORPH$bORPH$cKTS1_P$d2020-07-08$eKoopman$i45D28$oBIO TELE e$p20127301$r2021-01-12 00:00:00$w2021-01-12$yBOO
=999  \\$d9895

