=LDR  00886    a2200205   4500
=001  9902
=008  210923s1968\\\\-ukf||||\||||\00|\0\eng\d
=041  \\$aeng
=100  \\$aOldham, Guy$4aut$913050
=245  \\$aCatalogue of the Musical Instrument Exhibition
=260  \\$aSussex$bSussex Church Campaign$c1968
=300  \\$a10 pages
=561  \\$aEx Libris Ton Koopman
=648  \0$a16th Century (1501-1600)$1http://www.wikidata.org/entity/Q7017$920944
=648  \0$a17th Century (1601-1700)$1http://www.wikidata.org/entity/Q7016$920923
=648  \0$a18th Century (1701-1800)$1http://www.wikidata.org/entity/Q7015$920899
=651  \0$aSussex (United Kingdom)$1http://www.wikidata.org/entity/Q23346$923108
=942  \\$cBOO
=952  \\$00$10$2ddc$40$6INS_1A_GB_SUS$70$8INS$99890$aORPH$bORPH$cKTS0$d2020-07-08$eKoopman$i33E63$oINS1a GB.SUS$p20120927$r2021-01-12 00:00:00$w2021-01-12$yBOO
=999  \\$d9902

